4009 5034
683 398 728 450 De
745 412 844 467 opere
862 399 899 451 ot
916 397 1148 467 eleemosynis
1166 412 1189 450 c.
1206 397 1320 451 ass-25.
1505 400 1576 466 '393

432 558 539 622 menta
562 557 685 622 terrena
711 553 896 621 indumenta
920 553 1070 621 caelestia
1096 555 1261 637 recepturi.
1284 554 1394 621 demus
1414 553 1521 621 cibum
1541 558 1575 622 et

433 661 544 742 potum
557 659 751 725 saecularem
765 677 837 724 cum
852 658 1015 723 Abraham
1031 660 1064 723 et
1078 658 1166 722 lsaac
1180 659 1213 722 et
1228 658 1320 723 Iacob
1336 659 1377 724 ad
1392 658 1573 723 conuiuium

433 762 567 828 caeleste
580 761 716 827 uenturi.
733 778 771 825 ue
786 780 899 845 parum
914 765 1072 828 metamus
1086 762 1261 846 plurimam
1272 763 1471 829 seminemus.
1487 781 1576 830 sccu-
1601 791 1604 796 >

433 864 523 930 ritati
537 884 575 930 ac
588 865 684 929 saluti
699 866 842 929 aeternae
857 863 934 928 dam
948 866 1076 948 tempus
1090 865 1140 929 est
1154 866 1354 931 consulamus
1375 865 1477 930 Paulo
1500 883 1576 949 apo·

413 967 515 1032 estote
529 966 715 1033 admonente
737 967 769 1031 et
792 966 930 1032 dicente:
964 984 1059 1051 ergo
1082 967 1170 1032 dum
1191 970 1346 1051 tempus
1369 967 1573 1046 habemus,

434 1088 639 1153 operemur
660 1069 759 1152 quod
781 1070 919 1134 benum
943 1068 1072 1135 estad
1094 1087 1239 1147 omnes,
1261 1070 1426 1135 maxime
1448 1074 1578 1136 autem

435 1173 481 1238 ad
513 1171 753 1238 domesticos
785 1171 898 1238 fidei.
936 1171 1077 1237 bonum
1110 1174 1243 1238 autem
1277 1172 1473 1239 facientes
1506 1192 1578 1239 non

436 1274 686 1351 deficiamus,
710 1276 886 1356 tempore
913 1273 1015 1339 enim
1037 1292 1107 1340 suo
1129 1276 1333 1341 metemus.

479 1376 676 1462 Cogitemus,
692 1377 805 1442 batres
821 1376 1039 1454 dilectissimi,
1054 1377 1131 1460 quid
1147 1377 1205 1442 sub
1221 1377 1372 1460 apostolis
1386 1379 1497 1444 lecerit
1512 1396 1579 1445 cre·
1590 1374 1630 1433 25

401 1497 427 1535 1⁰
436 1481 578 1545 dentium
593 1481 744 1563 populus,
767 1479 890 1561 quaudo
913 1473 997 1545 inter
1018 1480 1088 1564 ipsa
1101 1479 1274 1565 primordia
1287 1480 1460 1546 maioribus
1475 1481 1580 1547 uirtu-

436 1585 522 1649 tibus
536 1602 625 1649 mem
647 1582 794 1667 uigebat,
817 1583 941 1664 qnando
964 1583 1159 1648 credentium
1182 1583 1258 1648 tides
1280 1602 1361 1648 nouo
1383 1583 1486 1649 adbuc
1507 1583 1578 1648 fidei

436 1686 537 1752 calore
553 1684 703 1751 feruebat
719 1684 879 1751 domicilia
894 1689 970 1750 tunc
986 1688 1020 1750 et
1034 1685 1163 1769 praedia
1175 1684 1397 1750 redundabant
1408 1687 1442 1750 et
1452 1685 1578 1768 dispen-

437 1789 568 1855 sandam
582 1788 771 1871 pauperibus
784 1789 994 1871 quantitatem
1011 1789 1146 1854 libenter
1161 1809 1197 1853 ac
1211 1789 1343 1872 largiter
1356 1789 1508 1872 apostolis
1524 1790 1580 1854 ob-

437 1890 593 1968 ferebant,
610 1893 731 1956 terreno
746 1891 936 1973 patrimonio
951 1890 1080 1955 ocnffito
1095 1890 1197 1971 adque
1212 1890 1363 1955 distracto
1378 1889 1491 1955 fundos
1502 1891 1581 1956 illuc

403 2013 428 2053 c
438 1992 662 2059 transferentes
688 1993 744 2059 ubi
770 1992 893 2059 fructus
919 1996 1066 2076 caperent
1091 1993 1295 2075 possessionis
1319 1994 1478 2072 aeternae,
1512 1993 1580 2058 illic

438 2098 652 2179 comparantes
678 2096 786 2161 domos
813 2095 868 2160 ubi
895 2095 1069 2179 inciperent
1094 2113 1218 2178 semper
1236 2095 1389 2161 babitare.
1414 2095 1490 2160 talis
1505 2097 1581 2161 tunc

438 2196 502 2263 fnit
527 2198 561 2263 in
585 2197 817 2280 operationibus
842 2197 989 2263 cumulus
1020 2197 1123 2280 qualis
1148 2198 1182 2262 in
1211 2197 1378 2263 dilectione
1403 2214 1580 2278 consensus,

438 2299 521 2363 sicut
543 2298 679 2383 legimus
706 2299 739 2364 in
766 2300 857 2365 Actis
883 2301 1114 2381 apostolorum:
1147 2301 1268 2365 turba
1289 2302 1422 2366 autem
1451 2319 1581 2367 eorum

438 2401 505 2481 qui
539 2401 789 2467 crediderant
819 2402 951 2467 anima
984 2422 1027 2467 ac
1059 2407 1189 2468 mente
1223 2422 1300 2467 una
1322 2404 1492 2487 agebant
1513 2424 1584 2470 nec

403 2499 519 2572 aofuit
540 2505 645 2570 inter
666 2504 759 2569 illos
781 2504 994 2569 discrimen
1016 2505 1143 2570 ullum
1165 2505 1459 2587 necquicquam
1474 2526 1584 2572 suum

439 2606 671 2672 iudicabant
693 2625 735 2671 er
757 2606 868 2671 bonis
891 2624 988 2688 quae
1012 2606 1068 2672 eis
1091 2608 1216 2685 erant,
1232 2606 1297 2672 sed
1320 2606 1480 2672 fuerunt
1496 2607 1585 2672 illis

441 2710 568 2776 omnia
590 2709 816 2776 communia.
840 2710 899 2774 hoc
914 2713 963 2774 est
977 2709 1145 2774 natiuitete
1160 2708 1299 2792 spiritali
1314 2729 1387 2775 uere
1402 2709 1461 2775 Dei
1477 2710 1581 2775 tilium

441 2811 526 2890 lieri,
549 2813 608 2877 boc
622 2815 671 2877 est
685 2811 756 2896 lege
771 2812 898 2878 caelesti
913 2813 1108 2894 aequitatem
1123 2812 1182 2876 Dei
1198 2813 1297 2895 patris
1318 2812 1449 2877 imitari.
1485 2814 1584 2894 quod·

441 2932 575 2996 cumque
589 2914 673 2979 enim
688 2913 748 2980 Dei
774 2916 823 2980 est
849 2914 882 2980 in
908 2917 1016 2981 nostra
1042 2915 1245 2998 usurpatione
1261 2933 1426 2981 commune
1441 2916 1505 2993 est,
1528 2935 1585 2982 nec

405 3040 432 3080 a
441 3016 608 3098 quisquam
631 3036 651 3080 a
669 3017 829 3083 beneficiis
844 3018 911 3081 eius
927 3021 960 3082 et
975 3018 1160 3100 muneribus·
1173 3019 1296 3081 arcetur
1311 3018 1479 3098 quominus
1493 3036 1585 3083 omne

441 3118 615 3183 humanum
629 3137 728 3202 genus
742 3119 884 3184 bonitate
906 3138 942 3183 ac
962 3118 1115 3203 largitate
1129 3118 1240 3182 dirrina
1255 3118 1429 3200 aequaliter
1443 3120 1585 3200 perfrua-

441 3224 505 3287 tur.
528 3222 574 3287 sic
588 3223 761 3304 aequaliter
775 3223 842 3288 dies
856 3222 1011 3300 luminat,
1034 3224 1083 3286 sol
1098 3222 1218 3298 radiat,
1233 3222 1335 3287 imber
1349 3221 1450 3305 rigat,
1472 3226 1585 3288 uentus

442 3323 599 3407 adspirat,
620 3326 654 3391 et
667 3324 897 3390 dormientibus
912 3342 1041 3389 somnus
1057 3342 1137 3388 unus
1153 3327 1224 3400 est,
1247 3328 1280 3388 et
1300 3323 1464 3387 stellarum
1479 3325 1585 3407 splen·

442 3427 499 3492 dor
512 3446 549 3492 ac
562 3427 656 3493 lunae
670 3429 845 3493 communis
866 3431 924 3493 est.
948 3445 1011 3510 quo
1037 3428 1241 3509 aequalitatis
1266 3427 1407 3509 exemplo
1433 3426 1488 3507 qni
1514 3443 1586 3508 pos-

407 3547 545 3596 sosessor
565 3530 600 3595 in
614 3530 707 3595 terris
722 3529 844 3595 reditus
858 3548 895 3595 ac
910 3529 1031 3595 fructus
1047 3546 1120 3594 sues
1135 3549 1207 3595 oum
1224 3528 1422 3594 fraternitate
1436 3528 1584 3608 partitur,

547 3699 566 3753 5
584 3699 775 3762 (sabelus.
831 3697 865 3752 18
882 3699 942 3753 lca
955 3701 982 3762 4,
994 3699 1037 3753 32.

496 3835 809 3906 let(coteisaac)oaa
828 3835 891 3890 We
944 3834 1143 3890 buroneuth
1196 3833 1587 3904 emetemmlodd.1··¹:nou

445 3921 560 3991 fatigati
613 3923 647 3976 14
658 3921 996 3991 atquedistracteirmdos
1006 3922 1177 3977 Wadm.2
1229 3923 1263 3975 15
1274 3921 1378 3976 fractus
1389 3920 1495 3975 fructus
1509 3919 1535 3973 G

444 4009 479 4061 21
498 4006 718 4062 uindicabantV
768 4007 871 4061 frenat
887 4008 924 4060 G·
983 4007 1018 4061 22
1037 4008 1137 4062 lilioso
1200 4007 1236 4060 23
1253 4006 1363 4060 imitare
1380 4005 1418 4059 G·
1476 4006 1512 4058 25
1529 4004 1587 4057 cius

446 4094 485 4165 et]
498 4092 567 4148 ποθ
613 4094 647 4147 27
666 4092 894 4158 luminatFWV,
908 4093 1109 4150 inlumiuatGo
1162 4092 1247 4164 rigat]
1260 4092 1360 4147 irrorat
1375 4091 1401 4145 V
1459 4090 1588 4159 lsspfios

445 4179 579 4235 etmaG
625 4180 661 4235 29
678 4183 784 4236 estmoe
803 4179 830 4235 θ
877 4180 986 4250 quoleo
1002 4180 1029 4235 G
1087 4179 1239 4250 aequitatis
1251 4180 1306 4234 We
1357 4178 1394 4232 ³0
1411 4175 1534 4231 interris
1551 4176 1589 4229 W

445 4266 838 4329 e.l.m.2,iuterriscst(1'²
