4009 5034
416 367 481 434 362
819 365 965 424 Caecilii
982 367 1146 437 Cypriani

416 539 493 604 quos
506 522 543 587 tu
558 522 684 587 adoras:
699 519 823 587 uidebis
837 521 896 587 sub
911 539 1005 588 manu
1019 523 1127 588 nostra
1136 524 1221 588 stare
1235 521 1357 587 uinctos
1371 523 1405 587 et
1418 521 1551 587 mamere

417 621 557 705 captiuos
578 640 655 706 quos
674 623 712 689 tu
725 622 859 705 suspicis
873 624 906 689 et
920 625 1077 690 ueneraris
1091 625 1129 690 ut
1142 624 1293 690 dominos
1318 624 1401 689 uerte
1427 621 1480 688 uel
1505 621 1551 687 sie

416 725 564 791 oonfundi
587 726 622 791 in
646 725 719 791 istis
744 726 900 793 erroribus
923 726 988 792 tuis
1002 726 1135 809 poteris,
1158 726 1280 809 qnando
1295 723 1505 807 oonspeereris
1519 724 1552 788 st

416 827 552 893 audieris
574 827 648 893 deos
661 830 734 893 tuos
747 828 824 911 quid
838 828 904 895 sint
917 829 1160 914 interrogatione
1174 829 1282 895 nostra
1295 827 1408 894 statim
1423 825 1551 909 prodere

417 932 450 997 et
471 929 687 1016 praesentibus
709 930 784 997 lieet
806 932 896 998 uobis
910 932 1097 1017 praestigias
1111 931 1185 999 illas
1199 935 1233 999 et
1247 931 1390 999 fallacias
1403 947 1476 996 snas
1490 946 1551 996 non
1573 954 1586 994 e

416 1052 506 1119 posse
520 1035 630 1101 eslere.

369 1135 408 1200 rt
459 1135 546 1216 Quae
560 1154 634 1222 ergo
648 1136 764 1203 mentis
779 1136 907 1222 ignauia
920 1138 984 1216 est,
1008 1138 1105 1204 immo
1128 1155 1206 1221 quae
1226 1135 1447 1221 desipientium
1461 1150 1552 1199 eaeea

416 1239 448 1305 et
473 1239 573 1304 stulta
598 1239 757 1304 dementia
782 1239 823 1304 ad
847 1240 950 1305 luoem
975 1242 1014 1306 de
1039 1240 1175 1306 tenebris
1195 1256 1257 1305 non
1271 1237 1378 1304 uenire
1392 1239 1425 1302 et
1440 1235 1552 1301 mortis

416 1340 558 1407 aeternae
579 1340 699 1424 laqueis
720 1342 844 1407 uinctos
863 1360 952 1426 spem
965 1341 1049 1408 nolle
1062 1341 1299 1407 inmortalitatis
1315 1339 1468 1423 excipere,
1490 1355 1552 1403 non

415 1445 555 1509 metuere
577 1444 680 1509 mum
704 1444 934 1509 oonminantem
957 1444 990 1509 et
1013 1444 1185 1510 diomtem:
1208 1442 1450 1510 sacrificans
1472 1439 1587 1506 diisro

416 1543 689 1610 eradicabitur
710 1544 789 1611 nisi
803 1545 967 1610 Domino
989 1546 1076 1611 soli.
1092 1546 1125 1610 et
1139 1545 1271 1611 iterum:
1286 1542 1553 1610 adorauerunt

416 1663 479 1712 eos
509 1663 602 1729 quos
634 1645 814 1714 fecerunt
846 1646 969 1732 digiti
1002 1664 1154 1731 eorum,
1191 1648 1231 1713 et
1263 1646 1456 1713 carnatus
1489 1643 1553 1710 est

415 1749 529 1814 homo
551 1752 593 1815 et
612 1748 855 1816 humiliatus
885 1752 946 1816 est
976 1749 1056 1828 uir,
1094 1752 1132 1817 et
1164 1768 1236 1816 uon
1268 1749 1408 1815 laxabo
1439 1745 1552 1812 illisa

416 1850 492 1933 quid
507 1853 540 1917 te
554 1851 596 1917 ad
610 1850 707 1918 falsos
720 1850 795 1918 deos
808 1852 960 1918 humilias
974 1855 1007 1918 et
1028 1851 1176 1932 inclinas,
1198 1852 1275 1935 quid
1295 1854 1367 1917 ante
1386 1850 1494 1934 inepta
1507 1847 1552 1914 si-

417 1954 558 2020 mulacra
581 1956 614 2019 et
638 1955 791 2039 figmenta
804 1955 928 2020 terrena
941 1955 1102 2037 captiuam
1117 1973 1227 2037 eorpus
1241 1955 1409 2020 intumas?
1430 1954 1552 2017 rectum
1560 1982 1588 2022 rs

417 2057 450 2120 te
461 2056 546 2121 Deus
557 2054 631 2121 fecit
646 2057 679 2121 et
693 2075 766 2121 eum
781 2058 884 2123 uetera
898 2056 1048 2122 animalia
1062 2075 1159 2140 prona
1173 2058 1206 2122 et
1218 2057 1259 2122 ed
1274 2057 1390 2121 terram
1405 2054 1470 2120 situ
1480 2070 1552 2118 uer·

416 2162 510 2243 gente
532 2160 678 2242 depressa
698 2160 779 2238 sint,
802 2159 863 2224 tibi
878 2158 1024 2225 sublimis
1038 2161 1141 2225 statua
1157 2163 1190 2225 et
1203 2159 1245 2226 ad
1260 2160 1382 2224 caelum
1397 2159 1497 2241 adque
1511 2157 1552 2222 ad

417 2261 589 2326 Dominum
612 2279 721 2327 susum
743 2260 852 2327 uultus
875 2263 994 2328 erectae
1017 2263 1074 2326 est.
1098 2262 1178 2326 illue
1198 2262 1333 2336 intuere,
1355 2260 1433 2324 illuc
1447 2258 1552 2324 oeulos

418 2365 489 2428 taos
503 2362 621 2448 dirige,
645 2362 677 2428 in
692 2362 834 2445 supernis
848 2363 952 2429 Βοιιιιι
966 2382 1087 2445 quaere.
1121 2367 1159 2429 at
1184 2381 1286 2428 carere
1310 2362 1418 2427 inferis
1442 2360 1552 2443 possis,

418 2465 459 2533 ad
473 2466 541 2533 alta
554 2467 587 2532 et
601 2466 747 2532 caelestia
761 2483 945 2550 suspensum
960 2469 1067 2550 peetus
1082 2466 1206 2532 adtolle.
1230 2466 1306 2550 quid
1327 2470 1359 2531 te
1381 2467 1414 2529 in
1428 2464 1552 2547 lapsum
1562 2489 1590 2530 oo

419 2568 532 2635 mortis
546 2586 618 2634 eum
634 2571 775 2650 serpente
790 2586 883 2651 quem
903 2569 981 2635 colis
1001 2569 1137 2636 sternis?
1158 2569 1235 2653 quid
1249 2570 1282 2635 in
1297 2568 1420 2633 ruinam
1434 2566 1552 2633 diaboli

419 2689 474 2754 per
494 2670 600 2754 ipsum
622 2672 655 2736 et
676 2687 747 2735 eum
763 2671 830 2753 ipso
845 2670 955 2737 cadis?
975 2672 1207 2738 sublimitatem
1222 2689 1313 2736 serua
1327 2689 1389 2753 qua
1402 2672 1495 2734 natus
1509 2688 1551 2734 es.

419 2791 583 2857 perseuera
597 2770 672 2837 talis
686 2772 790 2854 qualis
805 2791 825 2838 a
838 2773 903 2839 Deo
918 2774 1021 2839 faetus
1035 2792 1078 2838 es.
1106 2793 1178 2840 cum
1193 2776 1278 2839 statu
1293 2773 1356 2837 oris
1370 2773 1403 2836 et
1417 2771 1553 2852 eorporis

419 2875 560 2941 animum
585 2876 678 2941 tuum
704 2875 818 2942 matre.
841 2877 879 2941 ut
904 2895 1086 2962 eognoseere
1111 2877 1213 2943 Deam
1228 2875 1344 2958 possis,
1366 2876 1399 2940 te
1414 2876 1487 2940 ante
1501 2890 1553 2938 oo·

419 2994 540 3061 gnosso.
565 2977 704 3061 relinque
729 2976 815 3043 idola
839 2995 917 3060 quae
942 2978 1098 3044 humanus
1120 2996 1204 3044 error
1225 2978 1357 3045 inuenit
1384 2976 1425 3041 ad
1450 2976 1588 3042 Mum»

419 3081 613 3145 conuertere:
637 3097 731 3161 quem
745 3080 772 3144 si
788 3078 1008 3161 implorandis,
1030 3079 1185 3146 subuenit.
1216 3079 1341 3145 Christo
1355 3079 1445 3143 erede
1458 3095 1552 3160 quem

420 3179 618 3247 uiuifioandis
632 3198 670 3246 ao
683 3180 863 3263 reparandis
877 3181 967 3246 nobis
981 3185 1070 3264 pater
1093 3183 1193 3247 misit
1214 3183 1336 3247 laedere
1361 3199 1467 3247 seruos
1493 3179 1553 3243 Dei

420 3283 453 3350 et
466 3281 584 3350 Christi
598 3282 865 3366 persecutionibus
890 3284 956 3350 tuis
981 3283 1086 3350 desine
1113 3302 1189 3368 quos
1215 3284 1314 3350 laesos
1340 3283 1420 3349 ultio
1446 3281 1552 3348 diuim

419 3385 569 3452 defendit

370 3487 408 3552 17
461 3488 539 3555 Inde
554 3490 601 3555 est
615 3489 700 3555 enim
715 3490 797 3572 quod
812 3507 903 3556 nemo
917 3492 1059 3557 nostrum
1069 3491 1191 3575 quando
1202 3489 1443 3574 adprehenditur
1452 3487 1553 3554 relue-
1562 3509 1590 3550 so

419 3592 507 3658 tatur
530 3611 587 3658 nec
612 3611 647 3659 se
672 3594 821 3659 aduersus
849 3595 1002 3660 iniustam
1027 3595 1211 3661 uiolentiam
1242 3595 1379 3661 uestram
1408 3592 1554 3674 quamuis

528 3760 737 3826 marsnae.
792 3761 1008 3833 manaem.

472 3896 775 3966 iintesrogatioueaR
842 3898 1126 3956 blioetexbieetlt
1206 3898 1369 3969 prestrigias
1382 3898 1422 3956 W
1489 3897 1554 3953 illas

419 3981 508 4037 οιιιθ
574 3982 759 4038 deelarareS
827 3985 949 4040 'lmenti
962 3984 1003 4041 Β·
1073 3985 1285 4055 dnon]uolleo
1354 3984 1388 4039 10
1405 3966 1503 4039 dome

420 4069 455 4124 12
471 4069 659 4126 summense
729 4069 763 4123 15
780 4069 920 4141 baptimo
989 4071 1138 4141 eorporeR
1207 4072 1242 4127 18
1259 4071 1337 4126 deum
1349 4071 1395 4128 Ru
1460 4085 1554 4125 ausum

418 4155 921 4226 seips,euumsew·,tuumw²
973 4158 1008 4212 1e
1025 4158 1099 4227 erige
1114 4158 1197 4215 wne
1255 4141 1320 4213 uo'ffi
1330 4157 1355 4215 s
1414 4156 1554 4226 respuam

419 4242 448 4299 R
498 4242 670 4313 24111118
720 4244 906 4313 oognoaeaslt
967 4244 1227 4314 atpaterflliume
1289 4244 1503 4301 bdenimmuo

421 4332 539 4383 etnemo
553 4329 591 4384 W
640 4329 672 4383 31
692 4329 823 4384 iniustam
836 4346 887 4384 οιιι.
901 4330 929 4383 V
