4009 5034
716 366 764 420 De
780 364 950 420 dominica
966 365 1126 419 oratione
1143 379 1165 418 c
1185 364 1288 418 15-11
1510 366 1576 429 279

435 521 706 598 inimicitiae,
729 519 1019 596 contentiones,
1047 518 1361 595 aemulationes,
1390 517 1577 583 animosi-

435 626 556 704 tates,
571 620 892 707 prouocationes,
914 620 1164 700 simultates,
1181 619 1474 698 dissensiones,
1490 620 1576 686 bae·

436 745 561 804 reses,
583 724 781 801 inuidiae,
812 722 1046 802 ebrietates,
1071 722 1358 789 comisationes
1380 724 1418 789 et
1439 722 1502 788 his
1523 722 1577 787 si·

437 828 567 895 milia:
589 827 655 910 qni
677 827 779 893 talia
799 828 922 911 agunt
942 845 1105 911 regnum
1119 826 1190 892 Dei
1212 845 1283 891 non
1307 824 1576 910 possidebunt.

403 929 590 1002 sirnctus
613 930 745 996 autem
767 928 938 1013 spiritus
970 930 1031 994 est
1053 928 1217 1008 caritas,
1250 915 1453 1011 gaudium,
1486 946 1577 1011 pax,

437 1032 758 1118 magnanimitas,
790 1029 962 1110 bonitus,
993 1030 1112 1109 fides,
1144 1028 1418 1107 mansuetudo,
1452 1029 1579 1095 conti·

436 1136 585 1214 nentia,
596 1134 774 1201 castitas.
791 1133 949 1200 etidcirco
960 1133 1143 1200 cottidianis
1154 1134 1252 1201 immo
1264 1133 1419 1200 continuis
1429 1132 1581 1198 orationi·

437 1238 496 1304 bus
510 1238 569 1303 boc
582 1254 745 1321 precamur
758 1236 790 1301 et
803 1236 837 1301 in
851 1235 937 1301 eaelo
951 1237 984 1302 et
997 1235 1031 1300 in
1045 1237 1130 1301 terra
1145 1236 1341 1301 uoluntatem
1356 1236 1440 1300 circa
1455 1252 1511 1299 nos
1519 1232 1580 1298 Dei

437 1340 522 1407 lieri:
544 1341 619 1421 quia
638 1339 715 1404 baec
736 1339 784 1403 est
804 1337 951 1403 noluntas
970 1337 1031 1404 Dei
1053 1339 1091 1403 ut
1116 1339 1240 1403 terrena
1254 1336 1442 1403 caelestibus
1457 1335 1580 1412 cedant,

404 1471 430 1513 ιο
438 1440 595 1526 spiritalia
609 1441 642 1505 et
656 1439 765 1505 diuina
777 1439 988 1523 praeualeant.

481 1543 591 1609 Potest
605 1542 640 1607 et
653 1542 700 1607 sic
713 1541 872 1626 intellegi,
894 1541 1009 1606 iratres
1032 1541 1252 1620 dilectissimi,
1275 1543 1312 1607 nt
1326 1541 1475 1624 quoniam
1490 1560 1580 1606 man·
1592 1549 1632 1613 ll

416 1710 418 1713 ,
439 1644 496 1711 dat
510 1645 543 1709 et
556 1643 664 1710 monet
677 1642 831 1708 Dominus
857 1642 954 1708 etiam
969 1643 1114 1708 inimicos
1129 1643 1260 1727 diligere
1276 1645 1309 1709 et
1323 1660 1379 1727 pro
1394 1643 1445 1707 his
1459 1660 1582 1726 quoque

439 1746 493 1830 qni
507 1762 564 1811 nos
577 1747 781 1828 persecuntur
795 1761 898 1824 orare,
920 1747 1067 1825 petamus
1088 1746 1122 1811 et
1142 1763 1198 1828 pro
1220 1744 1288 1812 illis
1310 1744 1365 1828 qui
1380 1745 1483 1810 adhuc
1498 1746 1583 1809 terra

441 1849 517 1915 sunt
531 1850 563 1914 et
577 1849 710 1915 necdum
725 1847 872 1913 caelestes
887 1865 953 1913 esse
968 1849 1152 1930 coeperunt,
1175 1849 1212 1913 ut
1234 1847 1268 1912 et
1282 1846 1366 1912 circa
1380 1846 1453 1913 illos
1468 1847 1583 1912 uolun-

406 1969 433 2010 a
441 1951 491 2016 tus
505 1949 566 2015 Dei
579 1950 637 2016 fiat
647 1969 742 2032 qnam
752 1948 896 2015 Cbristus
906 1949 1066 2014 hominem
1077 1950 1287 2014 conseruando
1298 1949 1331 2013 et
1341 1948 1583 2032 redintegrando

441 2051 582 2135 perfecit.
604 2071 678 2117 uam
693 2069 765 2116 oum
781 2051 927 2135 discipuli
949 2050 989 2116 ab
1010 2069 1045 2116 eo
1060 2051 1127 2116 iam
1140 2071 1203 2119 non
1217 2054 1302 2117 terra
1315 2050 1513 2135 appellentur
1528 2051 1582 2117 sed

442 2154 606 2221 salterrae
627 2154 660 2219 et
686 2154 845 2235 apostolus
866 2155 1006 2236 primum
1019 2153 1180 2219 bominem
1194 2156 1286 2220 uocet
1308 2154 1347 2219 de
1370 2157 1471 2219 terrae
1494 2155 1582 2231 limo,

444 2257 614 2322 secundum
628 2272 703 2321 uero
717 2255 756 2321 de
771 2254 870 2335 caelo,
892 2254 1007 2321 merito
1028 2259 1062 2322 et
1083 2274 1140 2321 nos
1162 2259 1217 2339 qui
1239 2274 1307 2322 esse
1328 2255 1479 2323 debemus
1501 2256 1584 2338 patri

443 2359 509 2424 Deo
524 2359 662 2437 similes,
684 2358 739 2440 qni
759 2357 859 2424 solem
880 2375 973 2423 suum
987 2357 1064 2423 oriri
1078 2357 1158 2424 facit
1170 2376 1263 2441 snper
1277 2359 1374 2425 bonos
1389 2360 1422 2425 et
1436 2361 1537 2425 malos
1552 2360 1586 2425 et

409 2459 528 2544 ropluit
540 2478 634 2545 super
648 2459 749 2525 iustos
763 2461 796 2525 et
809 2459 958 2539 iniustos,
979 2460 1026 2525 sic
1040 2459 1165 2525 cbristo
1179 2463 1327 2526 monente
1343 2478 1468 2526 oramus
1482 2463 1515 2526 et
1529 2480 1586 2545 pe·

442 2562 557 2640 bmus,
579 2563 617 2626 ut
638 2579 762 2644 precem
783 2579 840 2644 pro
860 2562 1002 2628 omnium
1017 2564 1121 2630 saluto
1135 2563 1308 2642 iaciamus,
1331 2566 1368 2629 ut
1382 2566 1537 2647 quomodo
1552 2565 1587 2629 in

444 2663 529 2731 eaelo
542 2664 577 2730 id
591 2665 641 2729 est
653 2665 687 2730 in
704 2665 794 2731 nobis
807 2682 863 2747 per
876 2664 972 2730 lidem
986 2665 1126 2730 nostram
1141 2665 1290 2732 uoluntas
1304 2666 1364 2731 Dei
1385 2665 1471 2731 facta
1485 2668 1534 2732 eet
1548 2668 1587 2731 ut

446 2783 584 2831 essemus
598 2785 616 2832 e
631 2768 733 2844 caelo,
746 2767 793 2832 ita
807 2769 840 2832 et
854 2768 889 2832 in
903 2769 988 2832 terra
1000 2768 1060 2832 hoc
1074 2767 1171 2833 estin
1185 2768 1251 2833 illis
1266 2769 1392 2833 credere
1406 2768 1588 2833 nolentibus

497 2933 513 2986 1
532 2933 693 2989 animositas
706 2934 769 2991 SW
853 2934 992 2989 theresia
1004 2935 1070 2991 SW
1154 2938 1172 2990 3
1190 2937 1384 2991 numerationes
1398 2936 1437 3001 θ,
1454 2950 1585 2990 scinoma-

444 3019 534 3074 tiones
545 3037 563 3075 c
614 3020 729 3091 similia]
741 3019 845 3075 similia
857 3037 926 3090 quac
936 3022 1061 3092 praedico
1073 3021 1152 3077 nobis
1164 3023 1237 3077 sicut
1248 3022 1369 3092 praedixi
1380 3022 1508 3091 quoniam
1520 3039 1537 3076 a

445 3104 600 3160 biructnnr
615 3106 654 3159 0¹
723 3106 878 3175 etspiritna
893 3107 932 3162 W
1002 3110 1045 3161 est
1057 3123 1157 3177 agapes
1168 3106 1300 3177 gaudium
1312 3123 1364 3177 par
1375 3107 1590 3176 magnanimitas

446 3190 570 3245 manitas
581 3189 737 3260 benignitas
753 3190 991 3261 Vrareaipabto
1077 3193 1293 3261 8precamnriu
1315 3192 1343 3248 Θ
1422 3195 1498 3246 terra
1514 3195 1543 3247 et
1560 3193 1590 3246 in

446 3276 569 3331 caeloW
612 3277 1066 3333 uoluntatem....baecestorra8
1109 3277 1316 3333 9uoluntatsS
1365 3278 1398 3331 11
1408 3280 1495 3332 otoas
1511 3276 1538 3330 G

446 3362 481 3415 12
497 3361 599 3429 mouet]
612 3360 820 3432 dooetAupast
834 3362 851 3416 ι
865 3375 889 3416 c.
968 3362 1005 3415 iis
1021 3379 1040 3417 c
1110 3377 1244 3432 quomque
1256 3362 1307 3417 W¹
1387 3362 1421 3415 13
1438 3364 1512 3416 terra
1527 3363 1591 3416 Get

445 3447 642 3517 Asparattc,
661 3448 763 3502 terreni
775 3448 828 3512 W,
845 3447 976 3503 tereuaS
1027 3448 1062 3503 14
1078 3446 1432 3519 coeperunt1potuernntG
1500 3450 1589 3503 etom.

450 3533 489 3588 W
539 3533 573 3586 15
589 3531 633 3586 dei
645 3532 773 3587 uoluntas
785 3533 825 3590 W
875 3532 910 3587 16
921 3532 1029 3602 perficit
1038 3533 1119 3588 WG¹
1170 3533 1291 3587 nonium
1304 3532 1388 3587 WGc
1433 3533 1549 3587 interra
1560 3534 1592 3600 S,

446 3618 598 3674 terreniW
648 3618 875 3689 appellanturW
926 3619 958 3675 17
977 3622 1078 3674 terrae
1092 3621 1132 3675 W
1183 3620 1219 3674 18
1234 3618 1284 3674 (leo
1295 3620 1368 3687 patri
1383 3618 1410 3672 (l
1470 3621 1504 3672 19
1516 3620 1592 3674 simi·

447 3705 519 3760 lies
577 3706 613 3760 21
624 3708 657 3761 ut
668 3705 949 3776 q.]etquomodoSG
1018 3704 1541 3775 aanolmm...p.aao,1flataa0

447 3790 483 3845 23
500 3788 608 3846 credere
629 3791 786 3847 nolentibus
807 3793 925 3861 scripsi,
953 3791 1125 3846 credentibus
1143 3791 1248 3855 ΝΘ,
1280 3790 1398 3846 nondum
1421 3789 1593 3844 credentibus

447 3875 561 3945 scripsit
570 3877 705 3942 Grauius,
717 3892 771 3933 nou
783 3876 954 3933 credentibus
970 3877 1135 3946 Metellinam
1148 3877 1185 3945 cf.
1195 3877 1388 3947 Aamastiaam
1399 3875 1443 3930 De
1451 3875 1591 3945 praedest

447 3967 538 4016 suaet
549 3977 572 4015 c.
584 3966 613 4025 8,
626 3965 676 4016 15.-
695 3963 735 4016 sic
746 3961 831 4017 etiam
842 3962 933 4017 uoluit
949 3963 1076 4032 intellegi
1093 3978 1115 4017 s.
1134 3961 1286 4032 Cyprianus
1298 3961 1369 4031 quod
1384 3961 1515 4016 dicimust
1529 3958 1593 4015 ‘liat

449 4047 577 4100 uoluntas
594 4048 645 4100 tua
664 4046 738 4102 sicut
754 4046 783 4101 in
804 4048 877 4103 ooelo
888 4050 917 4102 et
932 4046 963 4102 in
974 4044 1065 4112 terra’
1085 4046 1315 4102 bocestsicutin
1327 4047 1425 4116 eisqui
1438 4047 1492 4100 iam
1506 4046 1593 4100 crodi-

451 4130 549 4185 derunt
565 4133 595 4186 et
614 4132 756 4202 tamquam
776 4133 880 4188 eoelum
901 4136 979 4197 sunt,
995 4133 1038 4186 ita
1054 4134 1084 4187 et
1094 4133 1124 4187 in
1135 4133 1189 4197 eis,
1208 4135 1255 4202 qni
1268 4149 1321 4188 non
1333 4132 1446 4187 credam
1457 4132 1529 4186 ctob
1541 4132 1594 4186 boc

451 4214 539 4271 adbuc
557 4217 632 4271 terra
648 4219 720 4273 sunt
738 4218 806 4289 qnid
817 4234 883 4290 ergo
892 4233 1000 4274 oramus
1011 4233 1060 4288 pro
1071 4218 1226 4274 nolentibus
1237 4218 1358 4285 medere,
1376 4217 1433 4273 nisi
1443 4220 1477 4273 ut
1487 4217 1554 4272 deus
1565 4218 1595 4271 in

453 4301 513 4357 illis
524 4305 649 4371 operetur
660 4307 690 4358 et
700 4304 781 4359 uella
