4009 5034
433 335 497 401 368
837 332 987 389 Caecilii
1006 333 1169 404 Cypriani

436 506 493 553 nec
515 486 628 553 dicatis
649 486 734 553 mala
754 486 913 566 accidere,
935 488 1011 571 quia
1031 487 1077 552 dii
1092 488 1190 553 uestri
1204 506 1224 553 a
1237 486 1328 553 nobis
1342 504 1403 552 non
1417 487 1569 567 colantur,

435 590 489 657 scu
504 590 611 657 sciatis
625 607 692 656 esse
705 590 784 656 banc
798 592 878 656 iram
892 589 971 670 Dei,
987 588 1059 657 Dei
1075 590 1155 656 banc
1176 608 1242 655 esse
1267 608 1430 656 censuram
1456 592 1494 656 ut
1515 589 1571 673 qui

434 691 592 760 beneficiis
613 709 673 760 uon
688 692 885 778 intellegitur
899 692 952 759 uel
966 692 1070 777 plagis
1084 691 1295 776 intellegatur.
1320 692 1423 759 Deum
1436 692 1487 757 uel
1502 710 1570 759 sero

434 794 590 879 quaerite,
612 794 686 878 quia
699 795 898 877 iampridem
913 813 968 878 per
982 795 1166 879 prophetam
1181 794 1266 860 Deus
1281 812 1482 878 praemonens
1496 794 1570 860 hor·

434 899 522 963 tatur
536 898 569 961 et
582 895 675 962 dicit:
708 897 887 979 quaerite
908 897 1045 973 Deum,
1079 898 1118 961 et
1138 897 1250 961 uiuet
1270 897 1401 962 anima
1421 899 1567 963 uestra
1590 927 1605 966 a

435 999 539 1065 Deum
564 998 616 1064 uel
640 1016 708 1065 sero
734 997 924 1080 cognoscite,
947 999 1023 1081 quia
1043 1000 1076 1064 et
1098 997 1241 1065 Christus
1256 998 1423 1066 adueniens
1438 999 1497 1064 hoc
1510 998 1567 1065 ad·

434 1101 543 1166 monet
564 1103 598 1166 et
618 1099 710 1170 occec
731 1098 852 1165 dicens:
884 1099 977 1166 haec
998 1102 1061 1165 est
1081 1103 1210 1167 autem
1238 1101 1323 1166 uita
1343 1103 1504 1167 aeterna
1525 1101 1568 1166 ut

436 1202 672 1288 cognoscant
693 1201 733 1268 te
755 1200 881 1266 solum
902 1202 942 1266 et
961 1219 1102 1268 uerum
1135 1202 1253 1269 Deum
1286 1203 1324 1268 et
1356 1221 1468 1285 quem
1499 1202 1568 1267 mi·

436 1305 527 1371 sisti
542 1306 670 1370 Iesum
686 1301 895 1369 Christum.
912 1304 1030 1370 credito
1041 1304 1092 1369 illi
1104 1305 1160 1387 qui
1171 1305 1296 1371 omnino
1311 1322 1371 1370 non
1386 1305 1481 1370 fallit
1499 1323 1568 1369 cre·

437 1408 504 1473 uite
529 1406 578 1472 illi
602 1406 656 1489 qui
681 1405 884 1471 haecomnia
909 1405 1196 1490 iuturapraedinit.
1219 1407 1336 1474 credite
1351 1406 1400 1472 illi
1423 1406 1477 1490 qui
1499 1425 1605 1480 cre-10

436 1509 582 1574 <lentibus
597 1507 771 1590 praemium
785 1508 870 1572 uitae
885 1509 1029 1574 aeternae
1044 1510 1143 1575 dabit.
1167 1510 1283 1576 credite
1309 1509 1360 1573 illi
1385 1509 1440 1591 qui
1465 1508 1567 1574 incre·

434 1608 518 1675 (lulis
533 1611 657 1673 aetema
670 1607 824 1690 supplicia
838 1608 996 1693 gehennae
1011 1610 1175 1677 ardoribus
1190 1609 1360 1694 inrogabit.

384 1725 426 1787 ῃ
479 1708 564 1789 Quae
579 1710 726 1774 tuncerit
739 1708 812 1775 fidei
827 1710 942 1793 gloria,
966 1730 1045 1794 quae
1065 1729 1165 1796 poena
1184 1711 1347 1795 perfidiae,
1369 1729 1441 1775 cum
1455 1710 1563 1776 iudicii

436 1811 503 1876 (lies
524 1811 659 1887 uenerit,
682 1828 761 1892 quae
786 1811 910 1876 laetitia
935 1813 1146 1893 credentium,
1168 1832 1246 1896 quae
1261 1811 1421 1877 maestitia
1434 1810 1567 1894 perfido·

434 1933 506 1979 rum
527 1913 664 1979 noluisse
684 1913 756 1978 istic
777 1914 864 1996 prius
885 1914 1009 1980 medere
1032 1917 1065 1981 et
1086 1918 1124 1981 ut
1145 1917 1274 1983 credant
1295 1915 1359 1980 iam
1382 1913 1483 1980 redire
1503 1932 1565 1981 uon
1578 1945 1602 1985 rs

434 2034 532 2098 posse.
562 2016 713 2081 cremabit
735 2015 875 2080 addictos
896 2016 1009 2083 ardens
1033 2037 1154 2102 semper
1178 2019 1319 2102 gehenna
1344 2018 1377 2082 ct
1402 2016 1566 2082 uiuacibus

435 2117 571 2184 flammis
586 2135 680 2182 uorax
695 2135 806 2200 poena,
820 2136 877 2184 nec
892 2118 953 2185 erit
967 2119 1051 2186 unde
1064 2121 1176 2185 habere
1191 2120 1346 2185 tormenta
1360 2118 1412 2183 uel
1426 2116 1566 2200 requiem

435 2220 557 2303 possint
571 2219 736 2302 aliquando
761 2219 812 2285 uel
837 2220 940 2286 finem.
967 2222 1175 2288 seruabuntur
1199 2242 1271 2288 cum
1296 2219 1476 2302 corporibus
1501 2220 1567 2285 suis

436 2321 559 2385 animae
572 2320 704 2384 infinitis
719 2320 906 2386 cruciatibus
921 2323 962 2387 ad
982 2323 1130 2388 dolorem.
1154 2322 1344 2405 spectabitur
1364 2319 1432 2386 illic
1445 2339 1465 2385 a
1477 2321 1568 2386 nobis

436 2440 557 2504 semper
581 2422 635 2504 qui
660 2422 712 2487 bic
736 2439 792 2487 nos
818 2423 972 2504 spectauit
992 2425 1033 2489 ad
1047 2427 1188 2506 tempus,
1210 2427 1243 2490 et
1256 2424 1289 2488 in
1302 2421 1604 2506 persecutionibus„

436 2521 529 2588 factis
543 2522 703 2588 oculorum
717 2523 891 2590 crudelium
905 2524 1010 2591 breuis
1025 2525 1146 2592 tructus
1160 2527 1310 2609 perpetua
1323 2524 1443 2589 uisione
1455 2541 1568 2605 pensa·

436 2624 524 2690 bitur
552 2625 721 2690 secundum
750 2627 923 2709 scripturae
951 2631 1076 2695 sanctae
1112 2629 1207 2695 fidem
1237 2628 1387 2696 dicentis:
1421 2632 1568 2701 normis

437 2742 562 2790 sorum
584 2743 655 2791 non
676 2727 872 2792 morietur
904 2730 944 2795 et
977 2729 1087 2814 ignis
1120 2748 1247 2797 eorum
1270 2752 1341 2801 non
1363 2741 1568 2826 extingue-

435 2827 516 2906 tur,
538 2829 577 2892 et
598 2828 713 2892 erunt
733 2829 780 2893 ad
801 2828 996 2896 uisionem
1018 2833 1228 2900 uniuersae
1250 2839 1366 2904 carni.
1391 2844 1568 2909 etiterum:

435 2930 530 2994 tunc
552 2928 716 2993 stabunt
747 2930 849 2996 iusti
883 2932 923 2996 in
955 2952 1096 3017 magns
1129 2939 1356 3005 constantia
1376 2943 1604 3011 aduersuse

539 3148 727 3213 summus.
780 3149 945 3216 ululae.
1003 3153 1211 3219 tumebat.
1269 3158 1500 3232 impulsu.

489 3335 504 3388 1
522 3333 646 3388 coluntur
659 3335 715 3391 RB
772 3337 790 3391 2
808 3353 864 3392 cese
884 3338 953 3393 hane
972 3340 1049 3405 WR,
1070 3342 1139 3396 hanc
1160 3359 1217 3397 esec
1235 3344 1293 3399 VM
1298 3351 1322 3410 ¹,
1350 3345 1419 3403 hauc
1437 3349 1518 3404 M¹B

435 3418 480 3472 clei
491 3417 561 3472 lrauc
573 3436 631 3473 case
642 3422 757 3489 scripsi,
785 3422 854 3477 hanc
865 3440 923 3478 ease
934 3425 974 3489 B,
992 3442 1051 3479 csse
1068 3428 1160 3482 WRV
1173 3435 1199 3482 ct
1211 3445 1232 3482 s.
1245 3430 1263 3483 1.
1275 3446 1311 3484 ot.
1321 3436 1342 3486 2
1352 3434 1389 3487 Μ
1398 3433 1479 3502 (hanc
1490 3433 1567 3498 iram

436 3502 480 3557 dei
492 3518 551 3557 esse
562 3519 632 3558 cens.
650 3507 695 3560 uel
707 3522 765 3559 case
782 3506 851 3562 hanc
868 3507 925 3563 irae
940 3508 985 3563 <lei
997 3525 1136 3565 censuram
1152 3528 1182 3576 o,
1199 3512 1269 3568 banc
1281 3514 1338 3570 irae
1350 3515 1396 3572 (lei
1408 3534 1466 3573 ease
1476 3533 1569 3573 cenau-

435 3603 493 3643 ram
510 3588 661 3656 Betucius,
679 3605 737 3645 csse
749 3590 818 3646 hauc
830 3592 898 3648 irarn
909 3594 967 3658 dci,
983 3594 1028 3649 dei
1039 3612 1098 3650 csse
1109 3612 1248 3653 censuram
1260 3602 1332 3656 coni.
1344 3601 1517 3673 Krabeepcr)

436 3675 749 3746 quicorr.rl1²inquia
799 3679 1013 3738 libencticiibl¹
1068 3684 1518 3758 oqmsaqmueeequiw

435 3763 592 3830 praemonet
602 3760 660 3816 RB
738 3764 755 3817 6
772 3766 893 3821 ctoriae
984 3769 1003 3823 8
1020 3770 1049 3824 et
1059 3771 1162 3841 uerum]
1176 3788 1266 3827 uerum
1278 3790 1296 3827 o
1365 3775 1400 3828 10
1415 3774 1563 3831 credite...

435 3845 514 3900 dabit
525 3862 575 3901 one
591 3848 629 3902 W
679 3849 714 3903 12
730 3850 869 3919 inrogauit
880 3853 916 3906 Μ
921 3859 927 3888 ¹
986 3854 1021 3908 15
1037 3855 1156 3911 noluisse
1167 3873 1196 3912 se
1206 3859 1255 3912 Μ’
1310 3860 1365 3913 iam
1377 3860 1406 3915 R
1416 3862 1449 3914 in
1460 3876 1515 3915 rue.

436 3930 470 3983 16
488 3932 620 3985 cremauit
632 3931 679 3988 Μ·
767 3934 799 3989 17
817 3950 903 4004 saper
915 3939 968 3993 erit
979 3940 1018 3995 Μ
1027 3957 1063 3994 nc
1073 3942 1106 3994 2:
1121 3942 1220 4011 excipit
1271 3948 1413 3998 seruantur
1422 3945 1516 4000 WRB

436 4016 470 4068 19
489 4016 681 4085 spectabuntur
693 4018 764 4073 VM'
834 4022 893 4092 noa]
905 4023 984 4077 nobis
996 4025 1026 4078 B
1102 4027 1138 4080 20
1155 4030 1345 4096 spectauerunt
1360 4029 1395 4093 V,
1414 4030 1568 4098 expectabit

436 4100 501 4155 ΒΜ
504 4106 530 4167 ¹,
549 4104 702 4172 expectauit
713 4104 762 4159 Μ’
852 4107 887 4162 21
904 4107 996 4180 famis]
1009 4109 1088 4165 lalcis
1100 4111 1140 4167 W
1220 4113 1309 4167 breuis
1320 4128 1405 4182 super·
1417 4113 1520 4169 crebras
1532 4116 1571 4171 Μ

435 4189 505 4242 Μ
555 4190 799 4260 recopeuaabuntur
810 4193 850 4250 Μ
858 4194 906 4250 scd
917 4200 977 4252 roco
987 4212 1009 4252 a.
1021 4197 1038 4251 l.
1051 4200 1120 4253 Μ
1182 4199 1218 4253 25
1235 4201 1325 4269 inquit
1337 4202 1402 4255 iusti
1416 4203 1450 4256 M
1455 4222 1466 4270 ,·
1479 4204 1515 4269 cs.
1529 4203 1567 4256 acl

436 4279 525 4330 totum
536 4274 625 4331 boum
636 4282 695 4333 test.
708 4278 766 4333 111
774 4283 847 4349 rep.
858 4284 928 4347 128,
939 4281 978 4336 orl
986 4283 1110 4339 Fortun.
1124 4300 1144 4339 c.
1160 4288 1197 4339 12
