4009 5034
387 351 429 417 12
788 346 938 406 Caecilii
956 345 1122 419 cypriant

285 542 288 547 ,
383 502 545 569 dicaturus
567 501 727 584 admittit,
743 503 776 570 et
796 504 835 569 ut
853 520 926 570 reus
939 501 1086 568 innocens
1099 503 1221 586 pereat,
1243 499 1282 566 tit
1294 517 1407 567 uocaus
1420 499 1524 566 iudan

381 605 520 692 flagrant
537 606 654 689 ubique
684 606 801 673 delicta
822 609 856 673 ot
880 606 1000 690 passim
1030 603 1220 674 multiformi
1244 614 1354 690 genere
1378 602 1526 686 peccandi

384 728 440 792 per
453 708 611 792 improbas
625 711 746 777 montes
758 726 870 777 nocens
883 709 972 776 uirus
986 711 1140 793 operatur.
1156 707 1439 776 biotestameutum
1451 706 1526 774 sub·

384 811 457 889 icit,
485 811 540 877 ille
561 811 677 877 falsum
706 811 835 894 capituli
856 811 967 878 fraudo
988 811 1175 877 conscribit:
1196 810 1248 876 bio
1273 811 1418 875 meantis
1436 807 1527 873 here-

385 911 541 978 ditatibus
553 913 664 994 liberi,
687 912 756 980 illic
770 911 860 979 bonis
880 913 1036 979 donantur
1057 911 1170 979 alieni:
1191 910 1338 978 inimicus
1352 908 1526 990 insimulat,
1548 923 1561 966 ⁸

385 1014 593 1081 calumniator
617 1016 785 1101 iupugmt,
816 1016 908 1081 testis
934 1014 1078 1081 infamat.
1113 1013 1281 1097 utrubique
1305 1014 1468 1097 grassatur
1492 1012 1527 1077 in

385 1115 584 1181 mendacium
599 1116 767 1182 criminum
780 1117 970 1199 prostitutae
983 1116 1071 1183 uocis
1085 1114 1206 1183 uenalia
1220 1113 1364 1193 audacia,
1387 1131 1461 1181 cum
1473 1112 1525 1179 in·

384 1218 480 1285 brim
493 1219 639 1284 nocentes
652 1237 709 1285 neo
724 1236 797 1285 cum
810 1219 1029 1286 innocentibus
1043 1218 1181 1301 pereunt.
1210 1217 1318 1283 nullm
1338 1216 1378 1283 de
1402 1214 1527 1300 legibus

385 1320 491 1385 metus
504 1321 567 1399 est,
590 1318 629 1384 de
653 1320 843 1402 quaesitore,
865 1321 904 1387 de
929 1319 1034 1387 iudice
1052 1338 1151 1404 pauor
1171 1318 1297 1386 nullus:
1319 1318 1403 1402 quod
1422 1318 1528 1401 potest

385 1421 499 1487 redimi
520 1438 582 1487 non
607 1422 748 1489 timetur.
781 1440 850 1490 esso
877 1422 943 1488 iam
963 1422 1047 1488 inter
1066 1422 1210 1490 nocentes
1230 1420 1390 1487 innoxium
1412 1421 1564 1486 ormense

385 1525 449 1590 ast:
470 1524 571 1590 malos
593 1524 735 1608 quisquis
755 1542 818 1590 non
838 1524 986 1590 imitatur
1006 1523 1145 1589 offendit.
1175 1540 1353 1589 consensere
1372 1521 1528 1603 iurapeo·

385 1625 464 1692 catis
485 1625 517 1691 et
542 1626 644 1709 coepit
663 1627 789 1693 licitum
810 1644 878 1693 esse
900 1626 984 1709 quod
996 1625 1161 1710 publicum
1175 1628 1233 1692 ast.
1256 1624 1326 1707 quis
1340 1623 1408 1690 illic
1422 1641 1528 1689 rorum

385 1725 501 1809 pudor,
524 1744 603 1809 quae
624 1746 690 1794 esse
711 1728 812 1812 possit
833 1727 1019 1811 integritas,
1041 1726 1097 1793 ubi
1119 1726 1174 1811 qui
1194 1726 1345 1792 damnent
1359 1725 1518 1807 improbos

386 1826 514 1906 desunt,
536 1828 595 1894 soli
616 1827 677 1895 tibi
699 1829 753 1912 qui
775 1828 980 1908 damnentur,
1002 1828 1190 1895 occurrunt?

337 1938 374 2003 ll
429 1927 491 1997 Sed
510 1948 566 1997 nos
586 1930 749 1998 uideamur
769 1932 887 2016 eligere
906 1931 1037 1997 sortasse
1057 1931 1163 2014 peiora
1177 1932 1210 1996 et
1224 1929 1328 1997 studio
1342 1928 1522 1996 destruendi
1537 1955 1564 1998 a

385 2050 441 2115 per
455 2050 492 2099 ea
505 2031 610 2098 oculos
624 2034 694 2098 tuos
709 2033 830 2110 ducere,
846 2050 979 2115 quorum
990 2031 1094 2097 tristis
1105 2032 1206 2114 adque
1217 2031 1405 2096 auersaudus
1415 2048 1523 2114 aspec-

385 2135 438 2199 tus
460 2151 514 2201 ora
535 2134 568 2199 et
588 2133 696 2200 uultus
718 2133 923 2200 conscientiae
943 2132 1084 2200 melioris
1111 2131 1266 2200 offendat:
1295 2130 1360 2198 iam
1380 2131 1441 2197 tibi
1463 2130 1522 2198 illa

385 2254 465 2318 quae
478 2235 655 2319 ignorantia
668 2236 835 2301 saecularis
855 2226 937 2301 bona
957 2234 1104 2319 opinatur
1132 2234 1304 2300 ostendam.
1326 2233 1395 2299 illio
1426 2233 1525 2300 etiam

386 2335 536 2421 fugienda
550 2336 727 2419 conspicias.
749 2354 826 2420 quos
840 2338 970 2403 honores
983 2337 1078 2419 putas
1092 2353 1176 2415 esse,
1198 2351 1276 2419 quos
1289 2334 1406 2414 fasces,
1429 2355 1527 2419 quam

386 2436 568 2505 afluentiam
582 2437 617 2502 iu
630 2436 769 2516 diuitiis,
785 2455 882 2519 quam
896 2437 1071 2521 potentium
1085 2437 1120 2502 in
1133 2436 1260 2515 castris,
1276 2439 1308 2502 in
1319 2435 1528 2521 magistratus
1537 2459 1564 2503 so

386 2558 524 2624 purpura
543 2539 694 2625 speciem,
722 2539 757 2605 in
778 2538 972 2624 principatus
993 2538 1123 2605 lieentia
1147 2539 1349 2623 potestatem:
1371 2539 1528 2604 malorum

387 2641 617 2707 blandientium
638 2641 726 2707 uirus
748 2641 906 2707 occultum
928 2641 986 2721 est,
1009 2642 1043 2706 st
1063 2640 1234 2707 adsidentis
1254 2640 1411 2724 nequitiae
1433 2640 1528 2707 iacies

387 2743 515 2826 quidem
525 2743 616 2821 beta,
632 2744 688 2810 sed
698 2743 888 2809 emunitatis
898 2743 1060 2809 abstrusae
1074 2742 1265 2808 inlecebrosa
1277 2742 1412 2809 imbuis
1428 2742 1528 2808 instar

387 2844 545 2927 quoddam
558 2844 679 2925 ueneni,
693 2845 749 2911 ubi
764 2843 797 2910 in
811 2844 921 2911 letales
936 2861 1027 2910 sucos
1042 2844 1205 2911 dulcedine
1218 2862 1344 2929 aspersa
1355 2843 1529 2911 ealliditate

439 3079 455 3137 1
474 3079 612 3151 pereatdt
623 3095 720 3136 uocaus
732 3079 822 3137 aas
878 3080 897 3137 2
914 3078 1038 3151 truglaut
1049 3079 1083 3137 θ’
1161 3078 1262 3136 dilecta
1273 3079 1313 3136 P¹
1381 3078 1401 3138 3
1418 3078 1529 3150 subicit]

387 3163 515 3219 subducit
527 3167 556 3221 P
606 3166 626 3225 5
643 3165 778 3221 donantur
789 3164 1008 3220 ccdominsutur
1020 3167 1053 3218 W
1062 3167 1131 3220 aad
1182 3164 1295 3221 ali-oni
1310 3165 1346 3217 W
1388 3163 1531 3219 maimulat

387 3249 531 3305 cainsilat
546 3251 658 3305 Woad
710 3250 729 3307 6
747 3249 932 3319 utrobiqueP
983 3249 1002 3307 7
1020 3249 1171 3306 orlminiso
1225 3248 1431 3318 interimllnter
1447 3250 1483 3303 W

388 3334 408 3392 8
426 3334 580 3391 inuocantes
598 3336 633 3388 W
697 3333 914 3391 innocenti-abus
929 3336 965 3389 W
979 3335 1050 3405 (cum
1075 3334 1234 3392 nocentibus
1254 3334 1407 3391 innocentes
1419 3336 1533 3404 pereunt

388 3418 448 3474 cod.
460 3419 694 3487 Beneseeatomca)
757 3419 777 3477 8
794 3420 887 3475 nullus
899 3419 968 3486 SP',
981 3421 1066 3475 nullis
1091 3423 1129 3485 W,
1147 3420 1218 3475 nulli
1230 3421 1269 3475 P¹
1345 3420 1363 3473 9
1380 3419 1486 3487 querito
1502 3420 1536 3472 W

387 3503 437 3558 aed
447 3504 481 3558 ia
495 3505 624 3574 scarpim
634 3520 703 3561 corr.
714 3522 748 3560 aa
762 3507 798 3561 2.-
816 3505 953 3575 quasitore
1013 3504 1052 3563 10
1068 3508 1221 3561 „uocantes
1232 3504 1261 3559 P
1306 3503 1427 3558 criminis
1442 3502 1532 3559 Oxou.

390 3590 427 3647 11
441 3588 503 3674 fluis
521 3589 644 3659 quisquis
656 3590 689 3654 S,
708 3589 832 3660 quisquis
849 3592 892 3655 W,
911 3589 1026 3660 quiaque
1038 3591 1067 3646 P
1141 3591 1177 3647 12
1194 3589 1331 3660 puplicum
1348 3589 1383 3640 W
1433 3588 1471 3646 13
1491 3588 1534 3642 in·

387 3660 494 3746 proed·
508 3675 544 3728 w
606 3675 644 3732 14
661 3673 714 3730 usi
726 3675 807 3742 socr,
821 3675 875 3730 eet
885 3675 925 3741 P,
944 3675 985 3731 isi
1006 3692 1024 3733 a
1109 3675 1145 3736 15
1163 3675 1320 3740 casnm
1344 3673 1390 3729 seo
1411 3689 1482 3730 nee

390 3760 429 3818 17
447 3760 570 3815 meliores
582 3760 622 3815 P¹
686 3766 752 3830 poet
763 3760 881 3816 offendat
892 3760 1015 3817 deliaci
1025 3777 1089 3816 com
1106 3761 1131 3817 S
1208 3760 1249 3818 20
1265 3759 1434 3815 affluentiam
1450 3759 1484 3810 W

388 3845 588 3914 magistratum
600 3844 634 3910 S,
654 3845 847 3916 magistratus
872 3847 917 3911 W,
943 3845 1165 3916 megistanum·
1187 3845 1301 3914 Piapur
1321 3846 1418 3913 arceb,
1445 3842 1532 3913 magi·

389 3933 510 3985 stratus
587 3929 626 3988 21
644 3946 763 4001 purpura
781 3932 819 3994 W,
839 3946 972 4002 purpurae
984 3930 1050 3986 SPp
1109 3929 1279 4001 principatus
1292 3929 1406 3995 SWP',
1432 3927 1534 3998 prinei·

388 4017 457 4086 patu
469 4015 538 4072 P¹o
601 4014 714 4071 licentia
729 4015 814 4081 WP',
833 4015 960 4071 licentiae
971 4014 1051 4072 SP'o
1108 4016 1138 4071 iu
1149 4017 1286 4086 potestate
1297 4014 1326 4069 P
1369 4014 1409 4073 22
1426 4017 1470 4069 ast
1484 4013 1532 4069 dc·

390 4101 507 4159 lendum
517 4108 609 4159 mmet
625 4101 785 4159 &ononida
797 4103 815 4158 d
828 4119 850 4159 c
859 4119 890 4172 p.
904 4105 960 4158 321
1012 4104 1041 4158 et
1053 4118 1102 4158 aaa
1124 4102 1165 4159 W
1224 4101 1265 4160 24
1281 4101 1378 4158 ueneni
1393 4104 1436 4156 est
1458 4099 1533 4156 Gro-

390 4189 556 4246 nouiuch
610 4188 817 4255 laetalsaSW1,
829 4188 943 4245 loetales
959 4190 1004 4243 W'
1056 4187 1184 4259 adspersa
1203 4190 1237 4244 W
