<?xml version="1.0" encoding="UTF-8"?>
<!DOCTYPE html PUBLIC "-//W3C//DTD XHTML 1.0 Transitional//EN"
    "http://www.w3.org/TR/xhtml1/DTD/xhtml1-transitional.dtd">
<html xmlns="http://www.w3.org/1999/xhtml" xml:lang="en" lang="en">
 <head>
  <title>
</title>
<meta http-equiv="Content-Type" content="text/html;charset=utf-8" />
  <meta name='ocr-system' content='tesseract 3.04.00' />
  <meta name='ocr-capabilities' content='ocr_page ocr_carea ocr_par ocr_line ocrx_word'/>
</head>
<body>
  <div class='ocr_page' id='page_1' title='image "./sthascicaecilic00hartgoog_0465.png"; bbox 0 0 4009 5034; ppageno 0'>
   <div class='ocr_carea' id='block_1_1' title="bbox 650 389 1547 459">
    <p class='ocr_par' dir='ltr' id='par_1_1' title="bbox 650 389 1547 459">
     <span class='ocr_line' id='line_1_1' title="bbox 650 389 1547 459; baseline -0.002 -14"><span class='ocrx_word' id='word_1_1' title='bbox 650 389 853 447; x_wconf 76' lang='lat' dir='ltr'><strong>Sententiae</strong></span> <span class='ocrx_word' id='word_1_2' title='bbox 870 390 1106 459; x_wconf 84' lang='lat' dir='ltr'><strong>cpiscoporum</strong></span> <span class='ocrx_word' id='word_1_3' title='bbox 1124 406 1170 445; x_wconf 80' lang='lat' dir='ltr'><strong>nr.</strong></span> <span class='ocrx_word' id='word_1_4' title='bbox 1188 389 1302 445; x_wconf 75' lang='lat'><strong>52-62.</strong></span> <span class='ocrx_word' id='word_1_5' title='bbox 1479 390 1547 457; x_wconf 81' lang='lat'><strong>455</strong></span> 
     </span>
    </p>
   </div>
   <div class='ocr_carea' id='block_1_2' title="bbox 736 650 1197 729">
    <p class='ocr_par' dir='ltr' id='par_1_2' title="bbox 736 650 1197 729">
     <span class='ocr_line' id='line_1_2' title="bbox 736 650 1197 729; baseline 0 -16"><span class='ocrx_word' id='word_1_6' title='bbox 736 650 880 714; x_wconf 77' lang='lat' dir='ltr'><strong>Iulianus</strong></span> <span class='ocrx_word' id='word_1_7' title='bbox 894 668 915 713; x_wconf 88' lang='lat' dir='ltr'><strong>a</strong></span> <span class='ocrx_word' id='word_1_8' title='bbox 929 651 1084 729; x_wconf 74' lang='lat' dir='ltr'><strong>morspec</strong></span> <span class='ocrx_word' id='word_1_9' title='bbox 1099 651 1197 715; x_wconf 83' lang='lat' dir='ltr'><strong>dixit:</strong></span> 
     </span>
    </p>
   </div>
   <div class='ocr_carea' id='block_1_3' title="bbox 402 764 1604 1055">
    <p class='ocr_par' dir='ltr' id='par_1_3' title="bbox 402 764 1604 1055">
     <span class='ocr_line' id='line_1_3' title="bbox 445 764 1604 852; baseline -0.001 -19"><span class='ocrx_word' id='word_1_10' title='bbox 445 764 603 849; x_wconf 76' lang='lat' dir='ltr'><strong>Scriptum</strong></span> <span class='ocrx_word' id='word_1_11' title='bbox 618 770 681 835; x_wconf 90' lang='lat' dir='ltr'><strong>est:</strong></span> <span class='ocrx_word' id='word_1_12' title='bbox 696 784 806 833; x_wconf 87' lang='lat' dir='ltr'><strong>nemo</strong></span> <span class='ocrx_word' id='word_1_13' title='bbox 826 768 958 850; x_wconf 89' lang='lat' dir='ltr'><strong>potest</strong></span> <span class='ocrx_word' id='word_1_14' title='bbox 979 767 1134 850; x_wconf 87' lang='lat' dir='ltr'><strong>aliquid</strong></span> <span class='ocrx_word' id='word_1_15' title='bbox 1156 767 1349 852; x_wconf 87' lang='lat' dir='ltr'><strong>accipere,</strong></span> <span class='ocrx_word' id='word_1_16' title='bbox 1372 767 1458 833; x_wconf 91' lang='lat' dir='ltr'><strong>nisi</strong></span> <span class='ocrx_word' id='word_1_17' title='bbox 1481 766 1546 833; x_wconf 87' lang='lat' dir='ltr'><strong>da·</strong></span> <span class='ocrx_word' id='word_1_18' title='bbox 1562 779 1604 843; x_wconf 74' lang='lat'><strong>57</strong></span> 
     </span>
     <span class='ocr_line' id='line_1_4' title="bbox 402 869 1541 952; baseline 0.001 -18"><span class='ocrx_word' id='word_1_19' title='bbox 402 871 485 936; x_wconf 88' lang='lat' dir='ltr'><strong>tum</strong></span> <span class='ocrx_word' id='word_1_20' title='bbox 506 869 632 936; x_wconf 82' lang='lat' dir='ltr'><strong>tuerit</strong></span> <span class='ocrx_word' id='word_1_21' title='bbox 653 870 719 935; x_wconf 90' lang='lat' dir='ltr'><strong>illi</strong></span> <span class='ocrx_word' id='word_1_22' title='bbox 741 869 786 936; x_wconf 91' lang='lat' dir='ltr'><strong>de</strong></span> <span class='ocrx_word' id='word_1_23' title='bbox 808 870 926 936; x_wconf 89' lang='lat' dir='ltr'><strong>caelo.</strong></span> <span class='ocrx_word' id='word_1_24' title='bbox 950 871 979 936; x_wconf 89' lang='lat' dir='ltr'><strong>si</strong></span> <span class='ocrx_word' id='word_1_25' title='bbox 992 870 1131 937; x_wconf 86' lang='lat' dir='ltr'><strong>haeresis</strong></span> <span class='ocrx_word' id='word_1_26' title='bbox 1145 869 1185 937; x_wconf 87' lang='lat' dir='ltr'><strong>de</strong></span> <span class='ocrx_word' id='word_1_27' title='bbox 1200 869 1287 937; x_wconf 89' lang='lat' dir='ltr'><strong>caelo</strong></span> <span class='ocrx_word' id='word_1_28' title='bbox 1301 870 1366 949; x_wconf 83' lang='lat' dir='ltr'><strong>est,</strong></span> <span class='ocrx_word' id='word_1_29' title='bbox 1388 870 1493 952; x_wconf 89' lang='lat' dir='ltr'><strong>potest</strong></span> <span class='ocrx_word' id='word_1_30' title='bbox 1508 871 1541 935; x_wconf 91' lang='lat' dir='ltr'><strong>et</strong></span> 
     </span>
     <span class='ocr_line' id='line_1_5' title="bbox 404 971 662 1055; baseline 0.012 -19"><span class='ocrx_word' id='word_1_31' title='bbox 404 972 563 1055; x_wconf 87' lang='lat' dir='ltr'><strong>baptisma</strong></span> <span class='ocrx_word' id='word_1_32' title='bbox 577 971 662 1039; x_wconf 85' lang='lat' dir='ltr'><strong>dare.</strong></span> 
     </span>
    </p>
   </div>
   <div class='ocr_carea' id='block_1_4' title="bbox 369 1164 1237 1244">
    <p class='ocr_par' dir='ltr' id='par_1_4' title="bbox 369 1164 1237 1244">
     <span class='ocr_line' id='line_1_6' title="bbox 369 1164 1237 1244; baseline 0.003 -19"><span class='ocrx_word' id='word_1_33' title='bbox 369 1186 382 1225; x_wconf 86' lang='lat' dir='ltr'><strong>s</strong></span> <span class='ocrx_word' id='word_1_34' title='bbox 711 1164 1126 1244; x_wconf 64' lang='lat' dir='ltr'><strong>rausturawimidaregia</strong></span> <span class='ocrx_word' id='word_1_35' title='bbox 1139 1164 1237 1228; x_wconf 85' lang='lat' dir='ltr'><strong>dixit:</strong></span> 
     </span>
    </p>
   </div>
   <div class='ocr_carea' id='block_1_5' title="bbox 406 1279 1602 1553">
    <p class='ocr_par' dir='ltr' id='par_1_5' title="bbox 406 1279 1602 1553">
     <span class='ocr_line' id='line_1_7' title="bbox 448 1279 1602 1365; baseline 0.005 -18"><span class='ocrx_word' id='word_1_36' title='bbox 448 1280 520 1347; x_wconf 88' lang='lat' dir='ltr'><strong>Non</strong></span> <span class='ocrx_word' id='word_1_37' title='bbox 542 1279 604 1346; x_wconf 90' lang='lat' dir='ltr'><strong>sibi</strong></span> <span class='ocrx_word' id='word_1_38' title='bbox 626 1279 829 1347; x_wconf 78' lang='lat' dir='ltr'>blandiantur</span> <span class='ocrx_word' id='word_1_39' title='bbox 854 1281 909 1363; x_wconf 89' lang='lat' dir='ltr'><strong>qui</strong></span> <span class='ocrx_word' id='word_1_40' title='bbox 938 1281 1104 1347; x_wconf 72' lang='lat' dir='ltr'><strong>haereticis</strong></span> <span class='ocrx_word' id='word_1_41' title='bbox 1134 1282 1380 1365; x_wconf 87' lang='lat' dir='ltr'><strong>patrocinantur.</strong></span> <span class='ocrx_word' id='word_1_42' title='bbox 1410 1281 1465 1364; x_wconf 91' lang='lat' dir='ltr'><strong>qui</strong></span> <span class='ocrx_word' id='word_1_43' title='bbox 1490 1289 1602 1363; x_wconf 69' lang='lat' dir='ltr'><strong>proti</strong></span> 
     </span>
     <span class='ocr_line' id='line_1_8' title="bbox 406 1381 1548 1465; baseline 0 -18"><span class='ocrx_word' id='word_1_44' title='bbox 406 1382 570 1448; x_wconf 70' lang='lat' dir='ltr'><strong>haereticis</strong></span> <span class='ocrx_word' id='word_1_45' title='bbox 591 1381 799 1448; x_wconf 82' lang='lat' dir='ltr'><strong>ecclesiastico</strong></span> <span class='ocrx_word' id='word_1_46' title='bbox 824 1382 983 1465; x_wconf 89' lang='lat' dir='ltr'><strong>baptismo</strong></span> <span class='ocrx_word' id='word_1_47' title='bbox 1010 1383 1178 1449; x_wconf 79' lang='lat' dir='ltr'><strong>intercedit</strong></span> <span class='ocrx_word' id='word_1_48' title='bbox 1203 1383 1276 1449; x_wconf 89' lang='lat' dir='ltr'><strong>illos</strong></span> <span class='ocrx_word' id='word_1_49' title='bbox 1302 1381 1488 1449; x_wconf 85' lang='lat' dir='ltr'><strong>christianos</strong></span> <span class='ocrx_word' id='word_1_50' title='bbox 1514 1384 1548 1447; x_wconf 91' lang='lat' dir='ltr'><strong>et</strong></span> 
     </span>
     <span class='ocr_line' id='line_1_9' title="bbox 407 1485 752 1553; baseline -0.003 -2"><span class='ocrx_word' id='word_1_51' title='bbox 407 1506 464 1553; x_wconf 89' lang='lat' dir='ltr'><strong>nos</strong></span> <span class='ocrx_word' id='word_1_52' title='bbox 479 1485 652 1553; x_wconf 87' lang='lat' dir='ltr'><strong>haereticos</strong></span> <span class='ocrx_word' id='word_1_53' title='bbox 666 1485 752 1551; x_wconf 85' lang='lat' dir='ltr'><strong>facit.</strong></span> 
     </span>
    </p>
   </div>
   <div class='ocr_carea' id='block_1_6' title="bbox 761 1675 1198 1740">
    <p class='ocr_par' dir='ltr' id='par_1_6' title="bbox 761 1675 1198 1740">
     <span class='ocr_line' id='line_1_10' title="bbox 761 1675 1198 1740; baseline 0.002 -2"><span class='ocrx_word' id='word_1_54' title='bbox 761 1675 922 1739; x_wconf 78' lang='lat' dir='ltr'><strong>Geminius</strong></span> <span class='ocrx_word' id='word_1_55' title='bbox 937 1678 1086 1740; x_wconf 77' lang='lat' dir='ltr'><strong>aFnrnie</strong></span> <span class='ocrx_word' id='word_1_56' title='bbox 1102 1678 1198 1739; x_wconf 80' lang='lat' dir='ltr'><strong>dixit:</strong></span> 
     </span>
    </p>
   </div>
   <div class='ocr_carea' id='block_1_7' title="bbox 370 1791 1601 2080">
    <p class='ocr_par' dir='ltr' id='par_1_7' title="bbox 370 1791 1601 2080">
     <span class='ocr_line' id='line_1_11' title="bbox 370 1791 1601 1880; baseline 0.002 -23"><span class='ocrx_word' id='word_1_57' title='bbox 370 1810 398 1849; x_wconf 81' lang='grc' dir='ltr'><strong>ιο</strong></span> <span class='ocrx_word' id='word_1_58' title='bbox 450 1791 587 1871; x_wconf 83' lang='lat' dir='ltr'><strong>Quidam</strong></span> <span class='ocrx_word' id='word_1_59' title='bbox 606 1792 645 1859; x_wconf 93' lang='lat' dir='ltr'><strong>de</strong></span> <span class='ocrx_word' id='word_1_60' title='bbox 666 1792 796 1878; x_wconf 83' lang='lat' dir='ltr'><strong>collegis</strong></span> <span class='ocrx_word' id='word_1_61' title='bbox 816 1794 988 1859; x_wconf 88' lang='lat' dir='ltr'><strong>haereticos</strong></span> <span class='ocrx_word' id='word_1_62' title='bbox 1008 1812 1196 1878; x_wconf 76' lang='lat' dir='ltr'><strong>praeponere</strong></span> <span class='ocrx_word' id='word_1_63' title='bbox 1211 1794 1274 1859; x_wconf 89' lang='lat' dir='ltr'><strong>sibi</strong></span> <span class='ocrx_word' id='word_1_64' title='bbox 1288 1796 1434 1880; x_wconf 87' lang='lat' dir='ltr'><strong>possunt,</strong></span> <span class='ocrx_word' id='word_1_65' title='bbox 1456 1794 1548 1861; x_wconf 87' lang='lat' dir='ltr'><strong>nohis</strong></span> <span class='ocrx_word' id='word_1_66' title='bbox 1559 1808 1601 1872; x_wconf 70' lang='lat'><strong>50</strong></span> 
     </span>
     <span class='ocr_line' id='line_1_12' title="bbox 407 1895 1547 1979; baseline 0.002 -19"><span class='ocrx_word' id='word_1_67' title='bbox 407 1913 468 1961; x_wconf 91' lang='lat' dir='ltr'><strong>non</strong></span> <span class='ocrx_word' id='word_1_68' title='bbox 488 1897 629 1979; x_wconf 89' lang='lat' dir='ltr'><strong>possunt.</strong></span> <span class='ocrx_word' id='word_1_69' title='bbox 652 1899 685 1962; x_wconf 94' lang='lat' dir='ltr'><strong>et</strong></span> <span class='ocrx_word' id='word_1_70' title='bbox 706 1896 777 1961; x_wconf 86' lang='lat' dir='ltr'><strong>ideo</strong></span> <span class='ocrx_word' id='word_1_71' title='bbox 797 1895 881 1979; x_wconf 87' lang='lat' dir='ltr'><strong>quod</strong></span> <span class='ocrx_word' id='word_1_72' title='bbox 902 1897 999 1963; x_wconf 88' lang='lat' dir='ltr'><strong>semel</strong></span> <span class='ocrx_word' id='word_1_73' title='bbox 1015 1897 1214 1963; x_wconf 81' lang='lat' dir='ltr'><strong>decredimus</strong></span> <span class='ocrx_word' id='word_1_74' title='bbox 1229 1898 1371 1964; x_wconf 86' lang='lat' dir='ltr'><strong>tenemus</strong></span> <span class='ocrx_word' id='word_1_75' title='bbox 1387 1898 1424 1964; x_wconf 91' lang='lat' dir='ltr'><strong>nt</strong></span> <span class='ocrx_word' id='word_1_76' title='bbox 1437 1897 1547 1964; x_wconf 87' lang='lat' dir='ltr'><strong>hacre-</strong></span> 
     </span>
     <span class='ocr_line' id='line_1_13' title="bbox 407 1997 884 2080; baseline 0 -19"><span class='ocrx_word' id='word_1_77' title='bbox 407 1997 488 2062; x_wconf 88' lang='lat' dir='ltr'><strong>ticus</strong></span> <span class='ocrx_word' id='word_1_78' title='bbox 503 1998 663 2064; x_wconf 88' lang='lat' dir='ltr'><strong>uenientes</strong></span> <span class='ocrx_word' id='word_1_79' title='bbox 678 1998 884 2080; x_wconf 85' lang='lat' dir='ltr'><strong>baptizemus.</strong></span> 
     </span>
    </p>
   </div>
   <div class='ocr_carea' id='block_1_8' title="bbox 680 2190 1205 2278">
    <p class='ocr_par' dir='ltr' id='par_1_8' title="bbox 680 2190 1205 2278">
     <span class='ocr_line' id='line_1_14' title="bbox 680 2190 1205 2278; baseline -0.002 -26"><span class='ocrx_word' id='word_1_80' title='bbox 680 2263 687 2278; x_wconf 40' lang='lat'>,</span> <span class='ocrx_word' id='word_1_81' title='bbox 752 2190 952 2269; x_wconf 54' lang='lat' dir='ltr'><strong>&amp;paucum</strong></span> <span class='ocrx_word' id='word_1_82' title='bbox 965 2207 987 2252; x_wconf 86' lang='lat' dir='ltr'><strong>a</strong></span> <span class='ocrx_word' id='word_1_83' title='bbox 1000 2190 1093 2252; x_wconf 80' lang='lat' dir='ltr'><strong>diona</strong></span> <span class='ocrx_word' id='word_1_84' title='bbox 1106 2191 1205 2253; x_wconf 84' lang='lat' dir='ltr'><strong>dixit:</strong></span> 
     </span>
    </p>
   </div>
   <div class='ocr_carea' id='block_1_9' title="bbox 373 2305 1602 2494">
    <p class='ocr_par' dir='ltr' id='par_1_9' title="bbox 373 2305 1602 2494">
     <span class='ocr_line' id='line_1_15' title="bbox 450 2305 1602 2389; baseline 0 -19"><span class='ocrx_word' id='word_1_85' title='bbox 450 2306 626 2371; x_wconf 80' lang='lat' dir='ltr'><strong>Ecclesiam</strong></span> <span class='ocrx_word' id='word_1_86' title='bbox 652 2306 794 2373; x_wconf 77' lang='lat' dir='ltr'><strong>Christus</strong></span> <span class='ocrx_word' id='word_1_87' title='bbox 820 2306 977 2385; x_wconf 87' lang='lat' dir='ltr'><strong>instituit,</strong></span> <span class='ocrx_word' id='word_1_88' title='bbox 1014 2307 1169 2372; x_wconf 85' lang='lat' dir='ltr'><strong>haeresim</strong></span> <span class='ocrx_word' id='word_1_89' title='bbox 1201 2306 1355 2373; x_wconf 87' lang='lat' dir='ltr'><strong>diabolus.</strong></span> <span class='ocrx_word' id='word_1_90' title='bbox 1392 2305 1602 2389; x_wconf 74' lang='lat' dir='ltr'><strong>quomodote</strong></span> 
     </span>
     <span class='ocr_line' id='line_1_16' title="bbox 373 2405 1331 2494; baseline 0.009 -28"><span class='ocrx_word' id='word_1_91' title='bbox 373 2408 513 2490; x_wconf 73' lang='lat' dir='ltr'><strong>:spotest</strong></span> <span class='ocrx_word' id='word_1_92' title='bbox 527 2407 640 2474; x_wconf 86' lang='lat' dir='ltr'><strong>habere</strong></span> <span class='ocrx_word' id='word_1_93' title='bbox 655 2408 850 2491; x_wconf 88' lang='lat' dir='ltr'><strong>baptismum</strong></span> <span class='ocrx_word' id='word_1_94' title='bbox 866 2405 985 2474; x_wconf 79' lang='lat' dir='ltr'><strong>Christi</strong></span> <span class='ocrx_word' id='word_1_95' title='bbox 1000 2426 1161 2494; x_wconf 82' lang='lat' dir='ltr'><strong>synagoga</strong></span> <span class='ocrx_word' id='word_1_96' title='bbox 1175 2406 1331 2475; x_wconf 75' lang='lat' dir='ltr'><strong>Satanae?</strong></span> 
     </span>
    </p>
   </div>
   <div class='ocr_carea' id='block_1_10' title="bbox 763 2599 1195 2677">
    <p class='ocr_par' dir='ltr' id='par_1_10' title="bbox 763 2599 1195 2677">
     <span class='ocr_line' id='line_1_17' title="bbox 763 2599 1195 2677; baseline -0.005 -15"><span class='ocrx_word' id='word_1_97' title='bbox 763 2599 937 2677; x_wconf 72' lang='lat' dir='ltr'><strong>Therapius</strong></span> <span class='ocrx_word' id='word_1_98' title='bbox 953 2617 974 2661; x_wconf 85' lang='lat' dir='ltr'><strong>a</strong></span> <span class='ocrx_word' id='word_1_99' title='bbox 989 2600 1082 2661; x_wconf 85' lang='lat' dir='ltr'><strong>Bulla</strong></span> <span class='ocrx_word' id='word_1_100' title='bbox 1096 2599 1195 2661; x_wconf 80' lang='lat' dir='ltr'><strong>dixit:</strong></span> 
     </span>
    </p>
   </div>
   <div class='ocr_carea' id='block_1_11' title="bbox 409 2664 1599 2903">
    <p class='ocr_par' dir='ltr' id='par_1_11' title="bbox 409 2664 1599 2903">
     <span class='ocr_line' id='line_1_18' title="bbox 452 2664 1599 2799; baseline 0.002 -17"><span class='ocrx_word' id='word_1_101' title='bbox 452 2715 514 2795; x_wconf 84' lang='lat' dir='ltr'><strong>Qui</strong></span> <span class='ocrx_word' id='word_1_102' title='bbox 538 2716 703 2783; x_wconf 87' lang='lat' dir='ltr'><strong>haereticis</strong></span> <span class='ocrx_word' id='word_1_103' title='bbox 729 2716 877 2783; x_wconf 90' lang='lat' dir='ltr'><strong>ecclesiae</strong></span> <span class='ocrx_word' id='word_1_104' title='bbox 903 2716 1099 2799; x_wconf 89' lang='lat' dir='ltr'><strong>baptismum</strong></span> <span class='ocrx_word' id='word_1_105' title='bbox 1120 2715 1262 2781; x_wconf 89' lang='lat' dir='ltr'><strong>concedit</strong></span> <span class='ocrx_word' id='word_1_106' title='bbox 1285 2718 1319 2781; x_wconf 91' lang='lat' dir='ltr'><strong>et</strong></span> <span class='ocrx_word' id='word_1_107' title='bbox 1343 2664 1449 2798; x_wconf 82' lang='lat' dir='ltr'><strong>prodit</strong></span> <span class='ocrx_word' id='word_1_108' title='bbox 1473 2713 1599 2797; x_wconf 73' lang='lat' dir='ltr'><strong>quidti</strong></span> 
     </span>
     <span class='ocr_line' id='line_1_19' title="bbox 409 2817 1141 2903; baseline 0 -19"><span class='ocrx_word' id='word_1_109' title='bbox 409 2818 496 2884; x_wconf 90' lang='lat' dir='ltr'><strong>aliud</strong></span> <span class='ocrx_word' id='word_1_110' title='bbox 511 2838 606 2903; x_wconf 87' lang='lat' dir='ltr'><strong>quam</strong></span> <span class='ocrx_word' id='word_1_111' title='bbox 621 2836 750 2901; x_wconf 87' lang='lat' dir='ltr'><strong>sponsas</strong></span> <span class='ocrx_word' id='word_1_112' title='bbox 765 2817 882 2884; x_wconf 75' lang='lat' dir='ltr'><strong>Christi</strong></span> <span class='ocrx_word' id='word_1_113' title='bbox 898 2817 995 2884; x_wconf 85' lang='lat' dir='ltr'><strong>Iudas</strong></span> <span class='ocrx_word' id='word_1_114' title='bbox 1011 2817 1141 2885; x_wconf 74' lang='lat' dir='ltr'><strong>extitit?</strong></span> 
     </span>
    </p>
   </div>
   <div class='ocr_carea' id='block_1_12' title="bbox 654 3010 1304 3073">
    <p class='ocr_par' dir='ltr' id='par_1_12' title="bbox 654 3010 1304 3073">
     <span class='ocr_line' id='line_1_20' title="bbox 654 3010 1304 3073; baseline -0.002 0"><span class='ocrx_word' id='word_1_115' title='bbox 654 3011 738 3073; x_wconf 78' lang='lat' dir='ltr'><strong>Item</strong></span> <span class='ocrx_word' id='word_1_116' title='bbox 752 3011 834 3072; x_wconf 84' lang='lat' dir='ltr'><strong>alius</strong></span> <span class='ocrx_word' id='word_1_117' title='bbox 847 3012 962 3073; x_wconf 81' lang='lat' dir='ltr'><strong>Lucius</strong></span> <span class='ocrx_word' id='word_1_118' title='bbox 978 3028 998 3072; x_wconf 85' lang='lat' dir='ltr'><strong>a</strong></span> <span class='ocrx_word' id='word_1_119' title='bbox 1012 3011 1191 3073; x_wconf 71' lang='lat' dir='ltr'><strong>lambresa</strong></span> <span class='ocrx_word' id='word_1_120' title='bbox 1205 3010 1304 3072; x_wconf 84' lang='lat' dir='ltr'><strong>dixit:</strong></span> 
     </span>
    </p>
   </div>
   <div class='ocr_carea' id='block_1_13' title="bbox 375 3124 1603 3314">
    <p class='ocr_par' dir='ltr' id='par_1_13' title="bbox 375 3124 1603 3314">
     <span class='ocr_line' id='line_1_21' title="bbox 375 3124 1603 3210; baseline -0.002 -20"><span class='ocrx_word' id='word_1_121' title='bbox 375 3147 403 3190; x_wconf 77' lang='lat' dir='ltr'><strong>ac</strong></span> <span class='ocrx_word' id='word_1_122' title='bbox 454 3125 614 3210; x_wconf 89' lang='lat' dir='ltr'><strong>Scriptum</strong></span> <span class='ocrx_word' id='word_1_123' title='bbox 628 3128 692 3192; x_wconf 89' lang='lat' dir='ltr'><strong>est:</strong></span> <span class='ocrx_word' id='word_1_124' title='bbox 722 3126 823 3192; x_wconf 87' lang='lat' dir='ltr'><strong>Dens</strong></span> <span class='ocrx_word' id='word_1_125' title='bbox 845 3129 1096 3210; x_wconf 88' lang='lat' dir='ltr'><strong>peccatorem</strong></span> <span class='ocrx_word' id='word_1_126' title='bbox 1118 3144 1190 3192; x_wconf 94' lang='lat' dir='ltr'><strong>non</strong></span> <span class='ocrx_word' id='word_1_127' title='bbox 1218 3125 1341 3192; x_wconf 89' lang='lat' dir='ltr'><strong>audit.</strong></span> <span class='ocrx_word' id='word_1_128' title='bbox 1375 3124 1603 3192; x_wconf 74' lang='lat' dir='ltr'><strong>haereticustt</strong></span> 
     </span>
     <span class='ocr_line' id='line_1_22' title="bbox 410 3229 1345 3314; baseline 0.001 -20"><span class='ocrx_word' id='word_1_129' title='bbox 410 3231 465 3312; x_wconf 89' lang='lat' dir='ltr'><strong>qui</strong></span> <span class='ocrx_word' id='word_1_130' title='bbox 480 3231 625 3314; x_wconf 89' lang='lat' dir='ltr'><strong>peccator</strong></span> <span class='ocrx_word' id='word_1_131' title='bbox 640 3231 689 3294; x_wconf 88' lang='lat' dir='ltr'><strong>est</strong></span> <span class='ocrx_word' id='word_1_132' title='bbox 703 3230 858 3312; x_wconf 89' lang='lat' dir='ltr'><strong>quomodo</strong></span> <span class='ocrx_word' id='word_1_133' title='bbox 873 3229 976 3296; x_wconf 86' lang='lat' dir='ltr'><strong>audiri</strong></span> <span class='ocrx_word' id='word_1_134' title='bbox 992 3230 1027 3295; x_wconf 93' lang='lat' dir='ltr'><strong>in</strong></span> <span class='ocrx_word' id='word_1_135' title='bbox 1042 3230 1203 3313; x_wconf 87' lang='lat' dir='ltr'><strong>baptismo</strong></span> <span class='ocrx_word' id='word_1_136' title='bbox 1217 3230 1345 3313; x_wconf 75' lang='lat' dir='ltr'><strong>potest?</strong></span> 
     </span>
    </p>
   </div>
   <div class='ocr_carea' id='block_1_14' title="bbox 514 3449 923 3516">
    <p class='ocr_par' dir='ltr' id='par_1_14' title="bbox 514 3449 923 3516">
     <span class='ocr_line' id='line_1_23' title="bbox 514 3449 923 3516; baseline 0.005 -12"><span class='ocrx_word' id='word_1_137' title='bbox 514 3451 531 3504; x_wconf 77' lang='lat'><strong>2</strong></span> <span class='ocrx_word' id='word_1_138' title='bbox 549 3449 588 3505; x_wconf 85' lang='lat'><strong>10.</strong></span> <span class='ocrx_word' id='word_1_139' title='bbox 600 3451 627 3515; x_wconf 84' lang='lat'><strong>3,</strong></span> <span class='ocrx_word' id='word_1_140' title='bbox 638 3450 681 3505; x_wconf 77' lang='lat'><strong>27.</strong></span> <span class='ocrx_word' id='word_1_141' title='bbox 738 3450 775 3506; x_wconf 78' lang='lat'><strong>20</strong></span> <span class='ocrx_word' id='word_1_142' title='bbox 792 3450 832 3515; x_wconf 84' lang='lat'><strong>10,</strong></span> <span class='ocrx_word' id='word_1_143' title='bbox 843 3452 870 3516; x_wconf 84' lang='lat'><strong>9,</strong></span> <span class='ocrx_word' id='word_1_144' title='bbox 881 3450 923 3506; x_wconf 88' lang='grc'><strong>31.</strong></span> 
     </span>
    </p>
   </div>
   <div class='ocr_carea' id='block_1_15' title="bbox 409 3638 1556 4305">
    <p class='ocr_par' dir='ltr' id='par_1_15' title="bbox 409 3638 1556 4305">
     <span class='ocr_line' id='line_1_24' title="bbox 463 3638 1504 3711; baseline -0.002 -16"><span class='ocrx_word' id='word_1_145' title='bbox 463 3641 480 3695; x_wconf 94' lang='lat'>1</span> <span class='ocrx_word' id='word_1_146' title='bbox 497 3642 598 3711; x_wconf 84' lang='lat' dir='ltr'><strong>telepte</strong></span> <span class='ocrx_word' id='word_1_147' title='bbox 610 3641 655 3698; x_wconf 85' lang='lat' dir='ltr'><strong>Aa</strong></span> <span class='ocrx_word' id='word_1_148' title='bbox 723 3640 788 3695; x_wconf 71' lang='lat' dir='ltr'><strong>aa:</strong></span> <span class='ocrx_word' id='word_1_149' title='bbox 798 3655 850 3695; x_wconf 78' lang='lat' dir='ltr'><strong>ora.</strong></span> <span class='ocrx_word' id='word_1_150' title='bbox 862 3640 891 3695; x_wconf 78' lang='lat' dir='ltr'><em>A</em></span> <span class='ocrx_word' id='word_1_151' title='bbox 959 3638 1113 3695; x_wconf 83' lang='lat' dir='ltr'><strong>5thimida</strong></span> <span class='ocrx_word' id='word_1_152' title='bbox 1124 3639 1152 3694; x_wconf 80' lang='lat' dir='ltr'><em>L</em></span> <span class='ocrx_word' id='word_1_153' title='bbox 1204 3639 1222 3693; x_wconf 84' lang='lat'><strong>6</strong></span> <span class='ocrx_word' id='word_1_154' title='bbox 1238 3638 1463 3709; x_wconf 85' lang='lat' dir='ltr'><strong>patroncinautur</strong></span> <span class='ocrx_word' id='word_1_155' title='bbox 1475 3639 1504 3694; x_wconf 70' lang='lat'><strong>1,</strong></span> 
     </span>
     <span class='ocr_line' id='line_1_25' title="bbox 410 3724 1555 3796; baseline -0.003 -15"><span class='ocrx_word' id='word_1_156' title='bbox 410 3728 427 3780; x_wconf 82' lang='grc'>’1</span> <span class='ocrx_word' id='word_1_157' title='bbox 446 3726 608 3796; x_wconf 85' lang='lat' dir='ltr'><strong>baptismati</strong></span> <span class='ocrx_word' id='word_1_158' title='bbox 617 3728 670 3783; x_wconf 82' lang='lat' dir='ltr'><strong>Mc</strong></span> <span class='ocrx_word' id='word_1_159' title='bbox 757 3730 786 3780; x_wconf 91' lang='lat' dir='ltr'><strong>et</strong></span> <span class='ocrx_word' id='word_1_160' title='bbox 798 3741 847 3781; x_wconf 88' lang='lat' dir='ltr'><strong>nos</strong></span> <span class='ocrx_word' id='word_1_161' title='bbox 858 3741 909 3782; x_wconf 86' lang='lat' dir='ltr'><strong>om.</strong></span> <span class='ocrx_word' id='word_1_162' title='bbox 923 3726 961 3790; x_wconf 85' lang='lat' dir='ltr'><strong>T,</strong></span> <span class='ocrx_word' id='word_1_163' title='bbox 983 3729 1012 3780; x_wconf 90' lang='lat' dir='ltr'><strong>ct</strong></span> <span class='ocrx_word' id='word_1_164' title='bbox 1024 3741 1076 3780; x_wconf 86' lang='lat' dir='ltr'><strong>nou</strong></span> <span class='ocrx_word' id='word_1_165' title='bbox 1089 3725 1129 3780; x_wconf 73' lang='grc' dir='ltr'><strong>Ι,Ι</strong></span> <span class='ocrx_word' id='word_1_166' title='bbox 1213 3725 1231 3779; x_wconf 87' lang='grc'>9</span> <span class='ocrx_word' id='word_1_167' title='bbox 1248 3724 1400 3794; x_wconf 78' lang='lat' dir='ltr'><strong>gemminna</strong></span> <span class='ocrx_word' id='word_1_168' title='bbox 1415 3726 1452 3790; x_wconf 81' lang='lat' dir='ltr'><strong>T,</strong></span> <span class='ocrx_word' id='word_1_169' title='bbox 1469 3724 1555 3794; x_wconf 78' lang='lat' dir='ltr'><strong>gemi-</strong></span> 
     </span>
     <span class='ocr_line' id='line_1_26' title="bbox 409 3808 1556 3880; baseline -0.003 -14"><span class='ocrx_word' id='word_1_170' title='bbox 409 3827 462 3866; x_wconf 74' lang='lat' dir='ltr'><strong>nus</strong></span> <span class='ocrx_word' id='word_1_171' title='bbox 472 3812 511 3868; x_wconf 80' lang='grc' dir='ltr'><em>Μ</em></span> <span class='ocrx_word' id='word_1_172' title='bbox 607 3814 643 3867; x_wconf 87' lang='lat'><strong>10</strong></span> <span class='ocrx_word' id='word_1_173' title='bbox 659 3812 738 3867; x_wconf 89' lang='lat' dir='ltr'><strong>nobis</strong></span> <span class='ocrx_word' id='word_1_174' title='bbox 757 3827 783 3865; x_wconf 88' lang='lat' dir='ltr'><strong>n.</strong></span> <span class='ocrx_word' id='word_1_175' title='bbox 801 3813 916 3880; x_wconf 73' lang='lat' dir='ltr'><strong>possum</strong></span> <span class='ocrx_word' id='word_1_176' title='bbox 927 3826 978 3864; x_wconf 78' lang='lat' dir='ltr'><strong>osa.</strong></span> <span class='ocrx_word' id='word_1_177' title='bbox 996 3812 1020 3864; x_wconf 78' lang='lat' dir='ltr'><em>T</em></span> <span class='ocrx_word' id='word_1_178' title='bbox 1105 3812 1138 3864; x_wconf 90' lang='lat'><strong>11</strong></span> <span class='ocrx_word' id='word_1_179' title='bbox 1158 3810 1291 3880; x_wconf 86' lang='lat' dir='ltr'><strong>tenemus]</strong></span> <span class='ocrx_word' id='word_1_180' title='bbox 1304 3811 1415 3865; x_wconf 84' lang='lat' dir='ltr'><strong>maneat</strong></span> <span class='ocrx_word' id='word_1_181' title='bbox 1426 3808 1556 3864; x_wconf 87' lang='lat' dir='ltr'><strong>uidelicet</strong></span> 
     </span>
     <span class='ocr_line' id='line_1_27' title="bbox 413 3894 1556 3961; baseline -0.002 -9"><span class='ocrx_word' id='word_1_182' title='bbox 413 3898 496 3954; x_wconf 70' lang='lat' dir='ltr'><strong>rau</strong></span> <span class='ocrx_word' id='word_1_183' title='bbox 567 3897 783 3961; x_wconf 74' lang='lat' dir='ltr'><strong>haereticcsIA&#39;,</strong></span> <span class='ocrx_word' id='word_1_184' title='bbox 796 3896 832 3951; x_wconf 85' lang='lat' dir='ltr'><strong>ab</strong></span> <span class='ocrx_word' id='word_1_185' title='bbox 844 3895 991 3951; x_wconf 86' lang='lat' dir='ltr'><strong>haereticis</strong></span> <span class='ocrx_word' id='word_1_186' title='bbox 997 3896 1079 3952; x_wconf 72' lang='lat' dir='ltr'><strong>Mdv</strong></span> <span class='ocrx_word' id='word_1_187' title='bbox 1161 3897 1195 3951; x_wconf 80' lang='lat'><strong>14</strong></span> <span class='ocrx_word' id='word_1_188' title='bbox 1213 3895 1312 3950; x_wconf 88' lang='lat' dir='ltr'><strong>christi</strong></span> <span class='ocrx_word' id='word_1_189' title='bbox 1323 3895 1352 3951; x_wconf 65' lang='grc' dir='ltr'><strong>Ι,</strong></span> <span class='ocrx_word' id='word_1_190' title='bbox 1430 3894 1556 3951; x_wconf 86' lang='lat' dir='ltr'><strong>haeresin</strong></span> 
     </span>
     <span class='ocr_line' id='line_1_28' title="bbox 411 3982 1503 4053; baseline -0.002 -15"><span class='ocrx_word' id='word_1_191' title='bbox 411 3982 489 4048; x_wconf 75' lang='lat' dir='ltr'><strong>Lm,</strong></span> <span class='ocrx_word' id='word_1_192' title='bbox 506 3984 641 4039; x_wconf 86' lang='lat' dir='ltr'><strong>haeresim</strong></span> <span class='ocrx_word' id='word_1_193' title='bbox 658 3987 749 4039; x_wconf 87' lang='lat' dir='ltr'><strong>antem</strong></span> <span class='ocrx_word' id='word_1_194' title='bbox 767 3982 854 4039; x_wconf 76' lang='lat' dir='ltr'><strong>Taed</strong></span> <span class='ocrx_word' id='word_1_195' title='bbox 866 3986 958 4036; x_wconf 88' lang='lat' dir='ltr'><strong>autem</strong></span> <span class='ocrx_word' id='word_1_196' title='bbox 974 3998 996 4037; x_wconf 82' lang='lat' dir='ltr'><strong>a</strong></span> <span class='ocrx_word' id='word_1_197' title='bbox 1012 3983 1029 4037; x_wconf 83' lang='lat'><strong>1.</strong></span> <span class='ocrx_word' id='word_1_198' title='bbox 1119 3986 1148 4037; x_wconf 91' lang='lat' dir='ltr'><strong>et</strong></span> <span class='ocrx_word' id='word_1_199' title='bbox 1159 3982 1290 4053; x_wconf 88' lang='lat' dir='ltr'><strong>quemodo</strong></span> <span class='ocrx_word' id='word_1_200' title='bbox 1306 3982 1388 4037; x_wconf 81' lang='lat' dir='ltr'><strong>Taed</strong></span> <span class='ocrx_word' id='word_1_201' title='bbox 1405 3985 1434 4037; x_wconf 86' lang='lat' dir='ltr'><strong>et</strong></span> <span class='ocrx_word' id='word_1_202' title='bbox 1449 3998 1472 4037; x_wconf 82' lang='lat' dir='ltr'><strong>s.</strong></span> <span class='ocrx_word' id='word_1_203' title='bbox 1485 3983 1503 4037; x_wconf 85' lang='grc'><strong>1.</strong></span> 
     </span>
     <span class='ocr_line' id='line_1_29' title="bbox 411 4067 1505 4141; baseline 0.001 -18"><span class='ocrx_word' id='word_1_204' title='bbox 411 4070 447 4124; x_wconf 79' lang='lat'><strong>15</strong></span> <span class='ocrx_word' id='word_1_205' title='bbox 464 4086 601 4141; x_wconf 75' lang='lat' dir='ltr'><strong>synagoge</strong></span> <span class='ocrx_word' id='word_1_206' title='bbox 615 4070 651 4125; x_wconf 71' lang='grc' dir='ltr'><strong>’.1η</strong></span> <span class='ocrx_word' id='word_1_207' title='bbox 744 4070 779 4124; x_wconf 89' lang='grc'><strong>16</strong></span> <span class='ocrx_word' id='word_1_208' title='bbox 796 4068 895 4123; x_wconf 82' lang='lat' dir='ltr'><strong>chilla</strong></span> <span class='ocrx_word' id='word_1_209' title='bbox 906 4084 942 4123; x_wconf 81' lang='lat' dir='ltr'><strong>cx</strong></span> <span class='ocrx_word' id='word_1_210' title='bbox 953 4067 987 4122; x_wconf 88' lang='lat' dir='ltr'><strong>ab</strong></span> <span class='ocrx_word' id='word_1_211' title='bbox 999 4068 1059 4122; x_wconf 87' lang='lat' dir='ltr'><strong>ulta</strong></span> <span class='ocrx_word' id='word_1_212' title='bbox 1070 4069 1108 4125; x_wconf 86' lang='grc' dir='ltr'><em>Μ</em></span> <span class='ocrx_word' id='word_1_213' title='bbox 1116 4073 1180 4124; x_wconf 76' lang='lat' dir='ltr'><strong>au2</strong></span> <span class='ocrx_word' id='word_1_214' title='bbox 1278 4069 1312 4122; x_wconf 81' lang='grc'><strong>11</strong></span> <span class='ocrx_word' id='word_1_215' title='bbox 1333 4067 1471 4139; x_wconf 84' lang='lat' dir='ltr'><strong>baptisma</strong></span> <span class='ocrx_word' id='word_1_216' title='bbox 1487 4084 1505 4124; x_wconf 83' lang='lat' dir='ltr'><strong>a</strong></span> 
     </span>
     <span class='ocr_line' id='line_1_30' title="bbox 411 4152 1555 4226; baseline -0.001 -16"><span class='ocrx_word' id='word_1_217' title='bbox 411 4155 447 4210; x_wconf 86' lang='grc'><strong>18</strong></span> <span class='ocrx_word' id='word_1_218' title='bbox 463 4172 561 4225; x_wconf 86' lang='lat' dir='ltr'><strong>sponsa</strong></span> <span class='ocrx_word' id='word_1_219' title='bbox 571 4173 607 4211; x_wconf 77' lang='lat' dir='ltr'><strong>cx</strong></span> <span class='ocrx_word' id='word_1_220' title='bbox 618 4173 714 4226; x_wconf 87' lang='lat' dir='ltr'><strong>sponse</strong></span> <span class='ocrx_word' id='word_1_221' title='bbox 729 4155 756 4209; x_wconf 85' lang='lat' dir='ltr'><em>T</em></span> <span class='ocrx_word' id='word_1_222' title='bbox 850 4152 928 4209; x_wconf 85' lang='lat' dir='ltr'><strong>indas</strong></span> <span class='ocrx_word' id='word_1_223' title='bbox 944 4169 1057 4224; x_wconf 84' lang='lat' dir='ltr'><strong>sponsae</strong></span> <span class='ocrx_word' id='word_1_224' title='bbox 1068 4154 1167 4209; x_wconf 84' lang='lat' dir='ltr'><strong>christi</strong></span> <span class='ocrx_word' id='word_1_225' title='bbox 1183 4171 1200 4211; x_wconf 88' lang='lat' dir='ltr'><strong>a</strong></span> <span class='ocrx_word' id='word_1_226' title='bbox 1288 4154 1323 4209; x_wconf 85' lang='grc'><strong>19</strong></span> <span class='ocrx_word' id='word_1_227' title='bbox 1340 4154 1505 4209; x_wconf 70' lang='lat' dir='ltr'><strong>membrana</strong></span> <span class='ocrx_word' id='word_1_228' title='bbox 1519 4153 1555 4218; x_wconf 76' lang='lat' dir='ltr'><strong>L,</strong></span> 
     </span>
     <span class='ocr_line' id='line_1_31' title="bbox 412 4238 1227 4305; baseline 0 -10"><span class='ocrx_word' id='word_1_229' title='bbox 412 4241 604 4297; x_wconf 83' lang='lat' dir='ltr'><strong>membrosaM</strong></span> <span class='ocrx_word' id='word_1_230' title='bbox 653 4242 690 4296; x_wconf 79' lang='lat'><strong>20</strong></span> <span class='ocrx_word' id='word_1_231' title='bbox 706 4240 839 4295; x_wconf 80' lang='lat' dir='ltr'><strong>hereticae</strong></span> <span class='ocrx_word' id='word_1_232' title='bbox 851 4239 894 4303; x_wconf 80' lang='lat' dir='ltr'><strong>M,</strong></span> <span class='ocrx_word' id='word_1_233' title='bbox 907 4241 936 4293; x_wconf 89' lang='lat' dir='ltr'><strong>ct</strong></span> <span class='ocrx_word' id='word_1_234' title='bbox 948 4238 1084 4295; x_wconf 85' lang='lat' dir='ltr'><strong>hereticus</strong></span> <span class='ocrx_word' id='word_1_235' title='bbox 1100 4242 1227 4305; x_wconf 61' lang='lat' dir='ltr'><strong>iterant</strong></span> 
     </span>
    </p>
   </div>
   <div class='ocr_carea' id='block_1_16' title="bbox 0 0 2010 5034">
    <p class='ocr_par' dir='ltr' id='par_1_16' title="bbox 0 0 2010 5034">
     <span class='ocr_line' id='line_1_32' title="bbox 0 0 2010 5034; baseline 0 1"><span class='ocrx_word' id='word_1_236' title='bbox 0 0 2010 5034; x_wconf 95' lang='lat' dir='ltr'><strong> </strong></span> 
     </span>
    </p>
   </div>
  </div>
 </body>
</html>
