4009 5034
370 313 413 380 10
774 310 921 369 Csecilii
938 309 1106 382 Cypriani

367 485 464 551 quem
489 467 591 534 scelus
615 466 770 533 obliuione
794 464 954 549 sepelitur.
984 465 1127 549 exemplu
1148 463 1229 530 fiunt
1249 483 1329 548 quse
1350 482 1416 532 esse
1443 463 1509 531 ianr

366 567 505 635 facinore
524 569 722 635 destituunt
750 568 819 635 turn
846 567 981 634 delectet
1001 566 1036 634 in
1055 565 1164 633 mimis
1188 565 1420 651 turpitudinum
1439 586 1509 633 ms·

367 669 495 756 gisterio
510 670 563 736 uel
576 671 652 754 quid
666 670 752 736 domi
766 669 899 754 gesserit
912 685 1128 755 recognoscere
1142 668 1195 735 nel
1206 669 1282 752 quid
1293 687 1399 754 gerere
1407 668 1516 754 possit-

367 771 485 839 audire.
508 772 698 839 adulterium
723 771 854 838 discitur
873 772 950 838 dum
964 770 1108 851 uidetur,
1123 771 1156 838 et
1168 771 1361 839 lenocinante
1374 772 1414 839 sd
1429 772 1510 840 uitis

367 874 732 958 publicae-auctoritatis
752 873 836 939 mulo
858 891 937 956 quse
950 873 1066 959 pudice
1080 873 1209 939 fortusse
1233 872 1274 939 cd
1294 875 1507 957 spectaculum
1530 892 1544 932 e

367 976 510 1043 metrone
533 978 739 1059 processerat,
762 976 801 1041 de
827 974 1003 1058 spectaculo
1028 974 1199 1041 reuertitur
1222 974 1377 1060 inpudice
1406 977 1508 1044 adhuc

368 1077 478 1143 deinde
492 1094 615 1144 morum
629 1076 864 1161 quantalabes,
886 1095 967 1160 quse
981 1075 1166 1161 probrorum
1179 1075 1333 1159 fomente,
1355 1097 1433 1161 quse
1447 1078 1507 1144 uli·

366 1180 472 1245 mente
496 1179 666 1258 uitiorum,
688 1178 881 1245 histrionicis
907 1178 1050 1264 gestibus
1075 1178 1251 1262 inquinari,
1272 1179 1379 1245 uidere
1401 1181 1508 1246 contre

365 1279 476 1348 foedus
489 1281 600 1366 iusque
612 1280 758 1349 nascendi
771 1280 962 1364 patientiam
981 1280 1118 1348 incestus
1138 1280 1343 1366 turpitudinis
1364 1281 1507 1349 elebora-

366 1384 450 1450 tem:
473 1383 633 1450 euirmtur
646 1402 757 1463 mures,
779 1383 878 1450 honor
898 1383 999 1450 omnis
1025 1385 1058 1450 et
1071 1383 1164 1469 uigor
1177 1402 1267 1450 serus
1282 1384 1421 1451 eneruuti
1435 1402 1505 1451 cor·
1516 1400 1543 1441 ιο

365 1486 450 1572 poris
475 1487 621 1553 dedecore
643 1486 787 1553 mollitur
806 1485 939 1570 plusque
961 1486 1031 1553 illic
1050 1486 1170 1569 placet,
1193 1487 1322 1570 quoque
1345 1486 1452 1554 uirum
1473 1486 1506 1553 in

365 1587 517 1656 seminem
539 1588 642 1674 magis
661 1588 798 1674 fregerit.
823 1589 856 1656 in
870 1588 997 1655 medem
1011 1589 1123 1655 crescit
1137 1608 1175 1655 er
1188 1589 1319 1656 crimine
1333 1592 1366 1655 et
1378 1589 1507 1672 peritior

365 1707 426 1774 quo
447 1690 570 1773 turpior
590 1689 757 1756 indicetur.
779 1690 939 1773 spectetur
959 1690 1012 1755 hio
1031 1689 1189 1774 pronefas
1212 1691 1244 1756 et
1263 1691 1406 1756 libenter.
1429 1690 1506 1774 quid

364 1809 424 1859 non
440 1792 539 1876 possit
553 1790 681 1859 suadere
701 1792 756 1875 qui
770 1790 846 1857 telis
867 1793 937 1858 est?
959 1793 1067 1858 monet
1081 1811 1207 1872 sensus,
1221 1792 1340 1859 mulcet
1354 1791 1505 1871 adfectus,

365 1892 524 1978 expugnet
544 1891 616 1958 boni
635 1892 769 1975 pectoris
786 1892 1009 1958 conscientium
1030 1893 1207 1959 fortiorem:
1229 1912 1285 1959 nec
1301 1893 1387 1960 deest
1400 1893 1541 1976 probris

365 1993 558 2061 blandientis
578 1993 761 2073 auctoritas,
783 1994 821 2059 ut
847 1993 958 2060 auditu
984 1993 1128 2060 molliore
1151 1995 1301 2078 pernicies
1326 1994 1504 2062 bominibus

365 2097 502 2179 obrepet.
538 2096 714 2178 exprimunt
739 2096 922 2179 inpudicum
947 2095 1119 2176 Venerem,
1147 2097 1325 2164 adulterum
1355 2098 1502 2176 Martem,

364 2199 470 2266 leuem
491 2198 584 2263 illum
605 2215 698 2263 suum
719 2214 780 2263 non
801 2198 904 2281 magis
924 2215 1020 2282 regno
1035 2216 1130 2280 quam
1144 2198 1233 2264 uitiis
1260 2199 1449 2283 principem,
1470 2199 1504 2266 in

365 2302 503 2368 terrenos
529 2316 649 2365 amores
675 2316 747 2364 cum
771 2298 849 2380 ipsis
875 2299 941 2365 suis
968 2297 1155 2365 fulminibus
1175 2300 1351 2381 ardentem,
1374 2300 1503 2367 nuncin

363 2402 508 2485 plumam
533 2401 627 2467 oloris
652 2400 823 2480 albescere,
846 2418 929 2468 nunc
955 2418 1049 2467 sureo
1064 2401 1165 2466 imbre
1191 2401 1340 2481 defluere,
1361 2420 1445 2468 nunc
1469 2402 1540 2468 inre

364 2522 531 2589 puerorum
544 2503 781 2587 pubescentium
795 2504 904 2587 ruptus
920 2503 1203 2585 miniebisssuibus
1217 2504 1368 2588 prosilire.
1391 2522 1505 2588 quaere

364 2606 430 2672 ium
442 2626 540 2686 nunc,
562 2625 603 2672 sn
616 2606 715 2690 possit
734 2624 801 2672 esse
822 2605 878 2689 qni
899 2606 1023 2689 spectet
1042 2606 1165 2691 integer
1190 2607 1241 2673 uel
1265 2605 1407 2690 pudicus.
1431 2605 1504 2673 deos

365 2725 452 2787 suos,
467 2726 545 2792 quos
559 2709 741 2788 uenerstur,
757 2708 918 2775 imitetur:
934 2707 1015 2774 fiunt
1029 2707 1153 2774 miseris
1168 2709 1201 2775 et
1214 2708 1362 2794 religiose
1376 2708 1502 2775 delicte.

335 2812 356 2874 2
408 2810 478 2875 Osi
498 2811 531 2875 et
549 2810 649 2892 poesis
667 2810 701 2874 in
720 2809 779 2875 ills
800 2809 932 2875 sublimi
951 2809 1079 2892 specula
1100 2809 1290 2876 constitutus
1311 2811 1416 2877 oculos
1430 2813 1503 2876 tuos

365 2911 501 2978 inserere
526 2910 670 2991 secretis,
697 2910 856 2976 recludere
882 2910 1098 2977 cubiculorum
1124 2909 1274 2977 obductus
1299 2909 1380 2976 fores
1394 2912 1438 2977 et
1462 2911 1538 2979 edre

365 3012 585 3079 conscientiam
609 3011 768 3078 luminum
793 3012 967 3094 penetralia
999 3012 1123 3078 occulte
1145 3031 1296 3079 reserere:
1318 3013 1449 3096 aspicias
1463 3014 1502 3079 sb

364 3114 519 3198 inpudicis
550 3113 618 3199 geri
644 3113 726 3196 quod
751 3131 808 3180 nec
836 3114 937 3197 possit
967 3114 1104 3196 aspicere
1134 3114 1219 3182 frons
1247 3115 1370 3199 pudice,
1396 3114 1504 3181 uidess

366 3217 448 3301 quod
463 3216 580 3284 crimen
600 3215 644 3280 sit
664 3217 696 3282 et
716 3215 838 3297 uidere,
861 3216 969 3284 uidens
991 3216 1075 3300 quod
1089 3217 1239 3284 uitiorum
1259 3216 1362 3285 furore
1375 3218 1502 3284 demen-

418 3472 434 3527 1
454 3469 541 3524 scelus
562 3484 596 3524 ec
620 3469 692 3525 solus
716 3469 757 3526 W
816 3469 1028 3542 2destiterunt]
1048 3471 1186 3528 desierunt
1197 3474 1267 3529 cent
1280 3473 1364 3528 Μὴ·
1378 3471 1503 3540 oefelius

363 3561 432 3612 teste
443 3555 606 3627 Krcbicgcr
656 3556 723 3611 tunc
732 3555 768 3610 M
835 3556 957 3612 minimis
970 3573 1006 3613 ecc
1017 3558 1100 3613 nimis
1112 3559 1141 3614 P
1151 3576 1185 3614 ne
1198 3562 1219 3614 2
1270 3558 1403 3629 megistru
1415 3557 1453 3612 M

364 3640 548 3700 3domrmB
618 3641 773 3699 ederetur
784 3642 877 3699 P¹M¹
962 3644 1122 3714 bpuplicse
1138 3645 1187 3712 W,
1204 3644 1352 3716 publiceP
1420 3644 1439 3702 9
1457 3643 1501 3698 ius

364 3726 1015 3797 Se.1.m.s,legemb1,reoruprrrarne2
1075 3729 1398 3800 petientismcoepstism
1414 3729 1453 3785 W

363 3812 466 3868 inceste
491 3812 556 3868 WP
627 3813 664 3871 11
688 3813 801 3884 quisquc
825 3813 930 3881 SPW,
961 3814 1085 3885 quisquis
1107 3832 1141 3884 e,·
1171 3817 1224 3883 cfr.
1248 3815 1374 3871 Minucii
1399 3815 1502 3872 Felicis

367 3897 500 3956 oeteo.
518 3901 640 3966 13,1et
655 3898 976 3957 Hetmicdeotctioecm
1046 3901 1085 3959 12
1102 3903 1202 3957 cteoe
1275 3900 1313 3959 13
1330 3900 1380 3956 hec
1400 3916 1434 3957 cc
1456 3899 1502 3956 hic

363 3984 391 4040 P
413 3987 481 4040 me
556 3984 621 4054 quid
642 4000 676 4040 er
696 3984 767 4056 quod
782 3986 821 4041 W
836 3989 906 4042 Μ
969 3986 1006 4044 17
1026 3986 1190 4058 impudicum
1207 3986 1232 4043 S
1293 3986 1330 4046 19
1342 3986 1502 4042 fulminibus

364 4085 399 4125 cr
418 4069 575 4125 fluminibus
596 4070 698 4126 ΡΜ
755 4070 797 4129 20
813 4070 976 4141 plumemS,
993 4071 1101 4143 plumes
1114 4072 1206 4128 WPe
1270 4071 1371 4128 boloris
1381 4072 1442 4128 SP·

364 4155 500 4211 sluescere
511 4156 551 4223 P,
569 4154 739 4213 maerores
801 4156 842 4214 22
860 4156 908 4228 qui
920 4172 1020 4228 ecque
1036 4157 1144 4213 Pes
1206 4157 1246 4216 23
1263 4159 1427 4214 uenerantur
1438 4157 1501 4213 imi·

364 4242 531 4296 tcuturPcr
564 4241 604 4299 24
622 4242 768 4298 ctoeuPc
818 4244 1122 4298 tuoscrsuost.2
1184 4243 1224 4301 28
1242 4243 1498 4298 otPee2inrus.
