4009 5034
804 357 855 415 Ad
873 359 1041 416 Donatum
1058 374 1081 415 c.
1094 359 1215 418 10-12.
1532 363 1575 427 13

426 516 557 585 lullendi
578 534 689 605 sepore
708 515 865 585 medicato
885 514 1035 603 poculum
1056 514 1185 583 uidetur
1206 533 1290 595 esse,
1313 515 1396 600 qued
1418 514 1574 582 sumitur:

426 619 481 687 ubi
496 622 587 703 speie
600 638 650 688 res
663 622 728 699 est,
742 619 895 704 pernicies
908 621 1023 686 heusta
1036 620 1208 704 grassatur.
1231 618 1348 703 qnippe
1362 618 1456 684 illum
1471 617 1576 697 uides,

427 721 482 806 qui
502 722 622 789 amictu
644 720 775 789 cleriore
797 721 978 805 conspicuus
999 718 1123 807 fulgere
1143 720 1206 787 sibi
1228 720 1357 787 uidetur
1371 720 1406 785 in
1419 737 1573 803 purpure:

427 823 541 908 quibm
554 825 613 892 hoo
626 822 770 891 sordibus
790 824 887 904 emit,
910 825 947 891 ut
967 823 1106 907 fulgeat,
1129 840 1208 906 quos
1229 823 1453 908 adrogantium
1474 822 1577 887 festus

406 924 514 1009 sprins
537 925 685 1011 pertulit,
708 942 786 1011 ques
806 925 956 1010 superbos
975 924 1058 991 fores
1071 925 1250 992 matutinos
1270 925 1427 992 emutetor
1441 922 1576 1002 obsedit,

428 1027 504 1110 quot
530 1029 722 1096 tumentium
754 1028 979 1095 contumeliose
1006 1027 1143 1114 uestigia
1175 1027 1314 1111 stipatus
1347 1027 1383 1093 in
1412 1025 1578 1094 clientium

428 1147 539 1196 euneos
560 1132 634 1198 ente
653 1130 838 1216 preeoessit,
860 1131 899 1198 ut
918 1131 1024 1215 ipsum
1045 1130 1144 1197 etium
1165 1130 1343 1197 salutatum
1364 1147 1469 1196 eomes
1489 1129 1579 1213 post·

429 1231 557 1299 modum
581 1251 697 1319 pompe
714 1233 925 1318 praecederet,
948 1233 1081 1301 obnoxie
1104 1249 1167 1301 non
1190 1233 1312 1300 homini
1333 1232 1389 1301 sed
1415 1231 1578 1318 potestati.

430 1334 627 1419 nequeenim
650 1335 712 1402 ooli
733 1336 875 1403 moribus
896 1337 1014 1402 meruit
1027 1334 1083 1402 ille
1104 1332 1160 1401 sed
1181 1333 1331 1402 inscitus.
1353 1335 1469 1400 horum
1490 1333 1579 1400 deni·

396 1454 423 1497 ro
431 1454 491 1520 que
501 1436 608 1504 nideee
622 1436 724 1504 exitus
734 1438 851 1522 turpes.
866 1455 939 1505 eum
948 1455 1061 1521 euceps
1071 1438 1252 1520 temporum
1261 1438 1408 1522 pelpetor
1417 1435 1579 1514 abscessit,

431 1555 503 1605 eum
515 1538 636 1621 priuati
648 1538 733 1605 letus
747 1539 868 1606 nudum
878 1539 1019 1606 desertor
1028 1539 1153 1606 sdsecle
1163 1538 1322 1605 foedauit:
1338 1541 1415 1604 tuno
1425 1538 1581 1604 luceretee

432 1638 542 1706 domus
555 1640 669 1727 plagae
683 1639 905 1709 conscientium
920 1641 1052 1723 feriunt,
1075 1642 1152 1708 tuno
1166 1641 1212 1708 rei
1227 1640 1398 1708 lumilieris
1412 1640 1582 1706 exhaustae

431 1742 546 1809 demun
558 1744 737 1826 noscuntur,
753 1744 869 1828 quibus
882 1745 1064 1830 redemptus
1077 1743 1169 1812 feuor
1183 1744 1276 1831 uulgi
1291 1745 1325 1811 et
1338 1743 1466 1810 nonne
1479 1743 1581 1827 ndque

432 1843 578 1911 inanibus
591 1844 675 1912 uotis
688 1844 848 1930 populeris
863 1864 940 1912 eure
954 1846 1096 1929 quaesite
1110 1845 1168 1912 est.
1191 1846 1294 1912 stulte
1312 1863 1439 1930 prorsus
1454 1846 1487 1911 st
1500 1863 1579 1910 nene

400 1946 569 2028 nircum,
591 1946 773 2014 frustrmtie
786 1947 958 2032 spectncnli
970 1948 1135 2034 uoluptate
1148 1948 1184 2015 id
1196 1966 1308 2032 perere
1322 1948 1476 2028 uoluisse,
1499 1946 1581 2030 quod

433 2067 491 2116 nec
503 2050 636 2133 populns
651 2049 806 2132 reciperet
819 2050 853 2115 et
866 2050 1010 2134 perderet
1022 2050 1241 2135 megistrntus.

476 2149 537 2217 Sed
550 2152 583 2219 et
596 2168 674 2235 quos
687 2150 805 2218 diuites
819 2152 955 2235 opineris
977 2153 1194 2220 continuantes
1214 2152 1351 2219 sufibus
1366 2150 1469 2219 seltus
1490 2151 1523 2218 et
1542 2150 1582 2215 ds
1593 2156 1632 2221 12

436 2251 564 2319 confinio
579 2252 768 2337 pauperibus
782 2252 914 2320 exclusis
927 2253 1054 2320 infinite
1074 2271 1111 2319 ec
1132 2255 1201 2321 sine
1221 2253 1369 2321 terminis
1389 2272 1465 2319 rnre
1485 2252 1582 2318 ledus

435 2353 637 2438 porrigentes,
650 2353 763 2438 quibus
772 2354 1011 2440 ergentieteuri
1022 2355 1325 2439 maximumpondns
1337 2354 1583 2438 etpecuniernm

401 2453 612 2540 „ingentium
622 2455 675 2521 uel
685 2454 836 2523 exstructi
845 2475 975 2542 aggeres
985 2457 1040 2523 uel
1050 2456 1191 2524 defossae
1200 2458 1313 2536 strues,
1325 2456 1382 2523 hos
1394 2456 1491 2524 etiem
1501 2456 1584 2521 inter

436 2555 566 2623 dinitiss
579 2574 651 2623 sues
665 2555 803 2641 trepidos
817 2558 1016 2643 cop'tetionis
1035 2559 1173 2627 ineertee
1195 2558 1378 2626 sollicitudo
1402 2555 1582 2637 discruciet,

434 2676 475 2725 ne
487 2657 601 2742 preedo
615 2659 735 2739 unslet,
750 2677 789 2726 ne
802 2677 965 2745 percussor
977 2660 1117 2742 infestet,
1132 2681 1172 2730 ne
1185 2661 1317 2729 inimice
1331 2660 1482 2744 cuiusque
1496 2660 1584 2726 locu·

435 2760 577 2845 pletiorie
598 2761 719 2829 inuidis
741 2762 942 2830 calumniosis
964 2764 1078 2831 litibus
1101 2765 1265 2849 inquietet.
1288 2780 1350 2831 non
1371 2762 1461 2829 cibus
1475 2780 1583 2829 securo

436 2880 603 2931 somnusue
616 2864 780 2951 confingit,
796 2864 935 2949 suspiret
955 2865 1012 2933 ille
1025 2865 1060 2934 in
1074 2867 1236 2947 conuiuio,
1250 2866 1343 2934 bibet
1355 2865 1434 2932 lieet
1446 2883 1585 2950 gemme,

401 2968 470 3033 sset
482 2985 555 3034 eum
570 2967 672 3051 epulis
690 2967 869 3035 mercidem
889 2985 1000 3052 corpus
1015 2971 1103 3036 torus
1117 2970 1245 3036 mollior
1258 2970 1325 3037 ulto
1339 2970 1412 3035 sinn
1434 2969 1585 3048 condidit,

436 3067 552 3155 uigilet
565 3068 600 3134 in
612 3070 722 3153 plume
735 3088 793 3136 nee
805 3069 966 3157 intellegit
975 3070 1090 3151 miser,
1105 3073 1245 3156 speciose
1258 3070 1323 3137 sibi
1337 3089 1406 3139 esse
1420 3071 1586 3156 supplicis,

437 3187 511 3237 euro
525 3187 560 3238 ee
572 3170 741 3257 alligatum
754 3172 854 3239 teneri
874 3173 908 3239 et
929 3172 1082 3256 possideri
1102 3173 1217 3260 msp's,
1233 3191 1330 3257 quem
1349 3172 1508 3258 possidere
1524 3169 1587 3260 [di-

489 3370 802 3440 lqnoddeedden2
853 3372 1157 3446 lepotnresestSW,
1175 3375 1289 3446 epotete
1306 3375 1474 3440 reseetPr,
1492 3376 1586 3446 epote-

436 3454 563 3511 uerteret
579 3457 803 3527 epotetumeeto
868 3456 1075 3529 6quotPW',
1094 3458 1166 3530 qnod
1189 3457 1261 3515 SW¹
1318 3460 1536 3531 stipetusoocs·

436 3539 454 3595 'l
471 3539 563 3597 cuneis
574 3541 761 3614 Pristipetus
773 3543 807 3599 ol
819 3545 1213 3616 emeismolsn'tldrotiepcr,
1241 3547 1347 3614 confert
1366 3560 1425 3600 noo
1443 3551 1516 3601 rorte
1526 3546 1587 3615 ped

436 3623 519 3696 lle)
579 3627 760 3684 eelntentium
771 3628 912 3686 marmus
973 3629 1015 3688 10
1030 3645 1128 3702 euceps
1146 3630 1218 3697 WP,
1236 3645 1345 3701 smoeps
1357 3629 1391 3696 Β,
1409 3645 1537 3701 nueepso

437 3708 473 3767 11
492 3709 635 3768 sdseoeuln
648 3712 709 3769 ΒΨ
758 3714 795 3771 le
812 3715 894 3785 etque
911 3715 970 3771 WP
1029 3715 1068 3777 15
1085 3714 1233 3771 stertentis
1256 3715 1290 3772 Β·
1341 3715 1383 3773 20
1399 3715 1540 3773 munes&

437 3792 477 3853 23
494 3809 632 3852 weuruso
677 3797 718 3857 24
734 3799 854 3871 mutiplt
870 3799 919 3856 W¹
974 3800 1093 3872 gemme]
1105 3816 1227 3871 gemmus
1238 3785 1467 3872 Ripaltieu'csr.
1481 3801 1589 3873 Μαι·

442 3878 540 3952 omn.
554 3882 685 3939 Ileoe:
703 3885 736 3938 nt
757 3899 866 3956 gemme
886 3884 1172 3942 bibetetPlintm.
1186 3885 1375 3943 nme
1439 3886 1480 3945 25
1498 3885 1588 3942 mndi-

438 3964 535 4023 derito
597 3967 820 4040 temptione,
848 3970 982 4042 subplitie
1003 3972 1032 4027 P
1094 3972 1135 4030 27
1154 3970 1286 4028 etom.S
1345 3970 1483 4043 possidere
1499 3971 1589 4043 magle

438 4066 519 4123 quem
529 4054 662 4125 possideri
673 4055 789 4114 diuities
800 4059 869 4116 coni
887 4059 1052 4116 ermom
1071 4059 1090 4116 l
1102 4078 1123 4116 e
1133 4075 1166 4130 p.
1178 4061 1238 4116 264
1302 4057 1419 4114 dinities
1431 4058 1529 4124 SWP,
1547 4057 1589 4114 di·

437 4137 523 4195 ulties
534 4143 616 4212 etque
626 4158 691 4213 opes
702 4145 824 4210 omneis
834 4160 883 4216 epo
893 4146 999 4201 inclusi
1007 4147 1070 4213 (eft.
1080 4145 1159 4202 Peos
1172 4145 1190 4202 t
1203 4145 1261 4201 IX.
1274 4146 1353 4215 epist.
1366 4148 1422 4201 30.-
1439 4160 1472 4200 ee
1484 4145 1590 4200 innnsit

437 4222 560 4282 homines
583 4226 702 4285 habendi
727 4229 837 4301 cupido,
867 4233 901 4286 ut
918 4229 1052 4302 possideri
1069 4231 1159 4302 megin
1177 4246 1260 4302 quem
1283 4230 1423 4302 possidere
1442 4230 1589 4287 uideantur

444 4309 528 4384 (Mor.
551 4311 588 4370 de
606 4313 695 4385 tapete
714 4330 739 4372 c
751 4318 802 4374 12:
820 4315 960 4389 possidere
978 4332 1008 4374 ee
1029 4316 1144 4374 creduut
1166 4317 1215 4389 qni
1232 4316 1326 4390 petius
1352 4316 1537 4389 possidentur)
