4009 5034
397 369 463 434 422
787 364 936 421 Caecilii
953 363 1119 433 Cypriani

399 524 599 609 cogitaretur.
622 521 737 588 iniuste
762 538 924 605 oppressus
951 522 1000 586 est
1025 519 1081 602 qui
1104 518 1259 585 iustitiam
1286 518 1407 601 primus
1430 521 1536 584 66166-

401 627 505 707 derat,
526 626 598 692 odia
612 642 775 710 perpessus
801 623 849 689 est
873 623 928 705 qui
953 623 1057 689 odisee
1083 639 1144 688 666
1169 622 1315 701 nouerat,
1337 621 1457 687 occisus
1474 612 1534 688 'est

399 729 496 813 impie
508 728 562 810 qui
573 729 707 794 moriens
721 745 782 792 non
796 726 998 811 repugnabat.
1023 727 1056 791 et
1070 725 1153 808 quod
1167 725 1251 790 11666
1265 723 1357 790 fratri
1371 742 1427 790 suo
1443 724 1535 791 Iacob

401 833 548 897 inimicus
575 831 681 895 extitit
706 829 790 894 aelus
815 828 895 893 fuit:
918 847 992 893 uam
1013 828 1088 910 quia
1102 827 1158 892 ille
1172 827 1420 893 benedictionem
1435 829 1537 912 patris

401 936 574 1018 acceperet,
597 933 649 998 hio
670 931 703 997 in
725 931 833 996 odium
847 929 1073 1014 persecutionis
1087 928 1210 996 lacibus
1225 930 1335 994 1166616
1349 931 1474 996 exarsit.
1504 932 1537 997 et
1558 959 1571 997 s

403 1038 486 1119 quod
499 1036 610 1118 Ioseph
624 1035 738 1101 fratres
752 1036 801 1100 sui
816 1034 1045 1112 uendiderunt,
1067 1053 1161 1100 66666
1175 1034 1329 1099 uendendi
1344 1034 1382 1099 de
1397 1034 1537 1100 aemula·

402 1140 486 1204 tione
500 1137 674 1203 descendit:
697 1138 863 1219 postquam
878 1137 911 1201 id
926 1136 1010 1219 quod
1024 1136 1086 1202 sibi
1100 1137 1133 1201 in
1158 1135 1333 1201 uisionibus
1354 1155 1538 1220 prosperum

405 1243 507 1308 iuerat
528 1244 685 1308 ostensum
710 1239 897 1324 simpliciter
912 1241 949 1305 ut
964 1238 1116 1305 iratribus
1130 1239 1229 1305 irater
1249 1241 1407 1323 exposuit,
1430 1241 1464 1304 in
1486 1241 1538 1305 16-

403 1345 524 1409 uidiam
549 1344 718 1409 malleolus
744 1344 868 1408 animus
895 1342 1009 1423 erupit.
1043 1341 1119 1408 Saul
1145 1360 1267 1425 queque
1292 1361 1345 1407 rex
1371 1346 1408 1408 ut
1432 1343 1538 1409 Dauid

403 1448 537 1524 odisset,
559 1449 596 1512 ut
609 1444 873 1529 persecutionibus
899 1463 990 1528 saepe
1014 1445 1157 1528 repetitis
1182 1445 1388 1524 1666666166,
1414 1446 1575 1511 miseri-ro

404 1550 543 1626 cordem,
578 1550 651 1614 miti
678 1549 809 1614 lenitate
835 1547 1009 1631 patientem
1035 1565 1143 1612 necare
1168 1551 1312 1631 cuperet,
1349 1549 1425 1630 quid
1451 1548 1538 1613 aliud

405 1670 500 1732 quam
526 1651 585 1715 6611
610 1649 760 1715 stimulus
786 1649 990 1733 prouocauit?
1023 1650 1099 1731 quie
1113 1647 1241 1714 Golieth
1257 1650 1421 1716 interfecto
1436 1652 1468 1715 et
1481 1669 1539 1732 ope

404 1771 440 1817 ac
464 1752 645 1837 dignatione
672 1750 780 1816 diuina
805 1752 894 1815 tanto
919 1751 1010 1816 hoste
1036 1749 1139 1817 deleto
1165 1752 1299 1834 populus
1324 1752 1481 1817 admirans
1507 1755 1541 1818 iu

405 1858 513 1923 laudes
535 1857 639 1922 Dauid
662 1855 903 1939 praedicationis
926 1855 1077 1940 suffragio
1098 1856 1251 1937 prosiliit,
1275 1855 1351 1922 Saul
1366 1857 1540 1922 simultatis

405 1962 505 2042 adque
519 1958 732 2024 insectationis
746 1957 844 2022 furias
866 1957 903 2021 de
925 1957 1026 2022 liuore
1048 1958 1198 2041 concepit.
1221 1960 1254 2023 61
1275 1977 1313 2022 66
1334 1959 1463 2043 longum
1492 1959 1575 2023 166

406 2063 488 2126 ciam
502 2060 642 2144 singulos
657 2059 859 2137 recensendo,
893 2059 1053 2142 pereuntis
1079 2059 1176 2124 semel
1200 2060 1307 2143 populi
1334 2062 1541 2127 adtendamus

406 2164 582 2230 interitum.
616 2161 724 2228 Iudaei
751 2181 851 2228 nonne
878 2162 949 2226 inde
975 2162 1151 2245 perierunt,
1186 2164 1262 2230 dum
1277 2162 1402 2230 Christo
1418 2164 1541 2231 malunt

406 2266 548 2333 inuidere
562 2284 657 2348 quam
673 2265 817 2329 credere?
839 2264 1050 2329 obtrectantes
1065 2265 1266 2347 magnalibus
1282 2284 1359 2347 quae
1374 2267 1429 2330 ille
1444 2267 1538 2333 facie·

405 2367 462 2432 bat
489 2367 552 2432 zelo
578 2368 759 2432 excaecante
785 2366 905 2448 decepti
928 2367 1002 2431 sunt
1024 2385 1080 2431 666
1095 2367 1135 2431 61
1152 2366 1260 2431 diuina
1274 2369 1426 2433 noscenda
1440 2370 1541 2436 cordis

406 2470 512 2535 oculos
527 2469 645 2551 aperire
660 2468 837 2551 potuerunt.
1549 2491 1577 2531 66

377 2571 398 2631 t
452 2569 538 2650 Quae
552 2589 635 2636 6666
651 2569 895 2648 considerantes,
919 2569 1035 2635 fratres
1050 2570 1267 2647 dilectissimi,
1291 2574 1398 2638 contra
1413 2575 1537 2639 tantam

407 2674 485 2739 mali
507 2673 675 2756 perniciem
697 2672 867 2756 uigilanter
889 2674 922 2737 et
942 2671 1067 2736 fortiter
1082 2672 1186 2737 dicata
1200 2675 1265 2738 Deo
1279 2677 1404 2756 pectora
1418 2678 1542 2741 munia-

408 2795 488 2839 mus.
520 2776 654 2841 aliorum
669 2794 752 2841 mors
767 2775 908 2858 proficiet
921 2776 962 2840 ad
976 2776 1116 2840 nostram
1129 2776 1284 2853 salutern,
1306 2777 1541 2858 inprudentium

408 2895 506 2957 poena
520 2878 758 2959 prouidentibus
772 2877 910 2942 conferat
924 2877 1102 2943 sanitatem.
1125 2894 1185 2942 non
1199 2880 1249 2942 eet
1262 2879 1369 2944 autem
1385 2880 1466 2960 quod
1482 2880 1543 2943 ali·

409 2978 480 3059 quis
494 2979 653 3045 existimet
667 2980 788 3045 malum
809 2980 895 3045 istud
921 2999 982 3045 una
1008 2980 1111 3061 specie
1136 2979 1287 3045 contineri
1313 2983 1370 3045 aut
1394 2980 1579 3047 breuibus„

408 3081 552 3146 terminis
573 3083 605 3146 et
627 3086 760 3166 angusto
775 3081 837 3147 fine
858 3082 1011 3148 concludi.
1035 3082 1099 3148 late
1125 3084 1214 3163 patet
1239 3081 1297 3146 zeli
1319 3084 1485 3165 multiplex
1512 3087 1545 3150 et

410 3180 542 3249 secunda
563 3183 722 3265 pernicies.
746 3184 834 3249 radix
861 3186 909 3249 est
935 3184 1092 3249 malorum
1117 3184 1275 3262 omnium,
1299 3184 1367 3251 fons
1393 3186 1543 3266 cladium,

409 3286 612 3351 seminarium
634 3285 835 3364 delictorum,
859 3286 991 3351 materia
1013 3285 1185 3367 culparum.
1208 3287 1280 3351 inde
1302 3287 1408 3352 odium
1431 3290 1543 3373 surgit,

461 3559 646 3616 36661161.
658 3560 724 3612 662
787 3557 1115 3613 bhioeaeuincoloae
1178 3556 1351 3613 lencibueM
1417 3559 1545 3615 tuendi·

410 3643 719 3716 derunt1uinderuntD
786 3644 851 3700 816
863 3644 901 3698 Μ
909 3646 1048 3709 61662,
1067 3643 1161 3698 6661)
1209 3630 1329 3698 'inuidia
1342 3644 1389 3698 Μ·
1443 3647 1474 3698 11
1495 3646 1545 3699 mi-

410 3734 496 3787 teme
564 3730 708 3785 leuitatem
720 3730 768 3785 M·
847 3728 1230 3798 uooamernegaretDm.2
1306 3731 1493 3798 cuperentM¹

412 3816 556 3886 rapollen
569 3814 608 3879 B,
627 3814 702 3885 golia
713 3814 751 3867 Μ
754 3854 761 3879 ,
773 3814 894 3884 goliade
945 3813 1103 3883 deiopeW
1155 3815 1188 3869 14
1206 3813 1386 3882 prosiliuitB
1438 3816 1547 3871 15666-

411 3900 702 3969 eapitetpertulitW
753 3901 908 3956 6166612Ι
955 3900 1159 3969 1661666161)
1210 3899 1399 3954 recensendum
1408 3900 1547 3971 1116636-

410 3986 526 4041 neraudo
537 3986 571 4052 B,
585 3985 746 4040 arcessendo
763 3985 851 4040 0666.
905 3984 988 4039 semel
1002 3986 1116 4048 WMB,
1130 3985 1211 4038 simul
1223 3984 1254 4038 D
1264 3986 1335 4038 6116
1346 3986 1474 4055 marpine
1483 3986 1547 4054 W²;

410 4072 447 4138 σί.
458 4088 487 4140 p.
497 4074 560 4134 215,
573 4073 612 4125 22
664 4070 698 4124 18
715 4086 795 4140 quam
809 4070 1049 4141 6666611162
1102 4070 1135 4123 19
1152 4070 1307 4140 66616611
1354 4071 1549 4142 2166661666

415 4157 470 4213 We
537 4158 573 4212 66
590 4159 722 4228 6616666
789 4140 883 4212 dubo
943 4158 1062 4228 666666]
1076 4159 1245 4226 stupente
1255 4159 1497 4225 6666666666

411 4245 446 4298 24
463 4243 684 4314 prudentibusl'
760 4245 796 4299 21
814 4244 940 4299 istumD
1009 4243 1161 4299 broniusD
1229 4242 1438 4299 2116666163
1506 4249 1550 4300 cat

409 4329 483 4385 enim
495 4331 522 4385 B
573 4332 692 4386 omnium
704 4325 835 4386 malorum
847 4348 864 4386 e
916 4330 1039 4400 gladium
1051 4329 1119 4385 ΒΜ
