4009 5034
698 375 745 430 De
762 375 845 431 bono
862 375 1065 446 pationtiae
1083 392 1104 432 o
1123 376 1235 432 22—24
1489 380 1556 447 415

417 532 538 601 adorari
550 534 583 599 et
593 529 753 616 spostolus
763 530 883 598 Paulus
893 530 995 598 diuini
1006 532 1162 618 praesepti
1176 551 1297 599 memor
1310 532 1400 617 ponit
1414 533 1447 599 ot
1461 533 1554 600 dieit:

416 638 523 703 Deus
553 636 750 703 exultauit
783 636 903 702 illum
937 637 975 703 et
1007 637 1178 703 donauit
1204 637 1273 704 illi
1294 656 1430 705 nomen
1453 637 1556 723 quod

416 743 613 824 estsuper
639 757 748 805 omne
776 755 926 810 nomen,
964 740 1007 804 ut
1038 739 1079 805 in
1111 739 1265 806 nomine
1297 741 1391 806 Iesu
1424 759 1556 808 omnes

416 861 517 927 genu
538 844 703 909 obruent
724 837 978 918 caelestium,
1016 842 1278 908 terrestrium
1312 844 1351 908 et
1382 843 1556 911 inferno·

382 975 395 1016 ι
416 963 510 1011 rum.-
540 942 583 1033 et]
599 944 634 1010 iu
648 942 839 1028 Apocalypsi
854 943 985 1028 angelus
1007 943 1138 1010 Iohanni
1160 945 1279 1011 uolenti
1301 945 1429 1012 adorare
1450 964 1483 1011 ss
1504 966 1556 1013 re·

415 1048 503 1114 sistit
528 1050 561 1114 et
586 1047 682 1113 dicit:
720 1045 810 1113 uide
832 1066 877 1113 ne
905 1044 1069 1127 fenoris,
1106 1048 1198 1131 quis
1220 1066 1437 1115 conseruus
1459 1051 1554 1117 tuus

415 1170 502 1217 sum
535 1151 574 1215 et
606 1149 774 1214 fratrum
808 1151 977 1215 tuorum.
1024 1150 1152 1216 Iesum
1184 1152 1392 1218 Dominum
1427 1155 1554 1219 adora.

415 1253 516 1336 qualis
531 1253 618 1316 Iesus
632 1251 785 1316 Dominus
800 1253 834 1316 et
855 1253 972 1334 quanta
993 1251 1147 1334 patientia
1168 1255 1206 1318 ut
1227 1254 1282 1335 qui
1303 1255 1338 1319 in
1360 1256 1456 1322 oaelis
1478 1258 1554 1322 ado-

413 1356 502 1420 ratur
514 1354 647 1419 necdum
662 1353 841 1420 uindicatur
855 1353 889 1419 in
904 1353 1007 1419 terris.
1036 1355 1130 1419 buius
1144 1354 1347 1436 patientiam,
1369 1356 1483 1424 fratres
1504 1358 1554 1425 di·

379 1458 595 1535 ¹⁰leotissimi‚
617 1458 650 1521 in
673 1455 942 1539 persecutionibus
964 1458 997 1522 et
1018 1457 1215 1538 passionibus
1229 1459 1345 1524 nostris
1368 1460 1553 1544 cogitemus.

356 1641 358 1644 v
413 1559 506 1625 buius
521 1559 670 1625 aduentni
695 1559 825 1643 plenum
841 1559 1064 1643 expectationis
1078 1560 1262 1642 obsequium
1276 1560 1481 1644 praebeamus
1495 1582 1554 1630 neo

413 1662 537 1727 defendi
559 1663 631 1727 ante
645 1662 817 1727 Dominum
840 1662 925 1727 serui
940 1661 1123 1746 inreligiosa
1146 1665 1178 1729 et
1199 1662 1407 1731 inuerecunda
1422 1664 1553 1731 festina·

412 1765 498 1831 tione
512 1782 721 1849 properemus.
743 1764 928 1831 insistamus
949 1765 1055 1849 potius
1075 1767 1108 1832 et
1122 1767 1317 1833 elaboremus
1332 1768 1365 1833 et
1379 1766 1446 1832 toto
1461 1768 1552 1834 eorde

414 1867 583 1952 uigilantes
598 1868 699 1949 adque
720 1868 761 1932 sd
783 1885 908 1933 omnem
923 1867 1123 1933 tolerantiam
1139 1868 1271 1933 stabiles
1286 1868 1445 1934 dominius
1459 1889 1552 1953 prae·

380 1971 505 2053 rsoepta
529 1987 703 2046 sorbemus,
738 1971 775 2034 ut
801 1986 875 2033 oum
900 1969 956 2034 ille
970 1969 1036 2033 irae
1050 1970 1083 2035 et
1096 1970 1253 2035 uindictae
1268 1971 1335 2034 dies
1350 1972 1475 2037 uenerit
1488 1991 1549 2037 non

413 2089 484 2136 oum
499 2071 606 2152 impiis
620 2073 653 2136 et
667 2071 884 2155 peecatoribus
899 2070 1085 2152 puniamur,
1106 2072 1162 2136 sed
1184 2091 1257 2137 eum
1279 2072 1376 2138 iustis
1397 2074 1431 2138 et
1446 2073 1551 2139 Deum

413 2174 600 2241 timentibus
615 2174 810 2240 honoremur.

517 2361 743 2429 senensem.
797 2359 914 2429 sepse
926 2360 1009 2423 sse.

465 2532 483 2587 2
500 2530 570 2601 quod
581 2532 634 2600 est]
651 2530 687 2585 od
700 2529 753 2584 huo
769 2532 802 2585 ut
821 2529 861 2584 sit
874 2530 911 2594 V,
929 2532 962 2584 ut
973 2530 1012 2583 sit
1027 2528 1191 2599 Gypdonss
1204 2533 1266 2584 test.
1280 2529 1376 2595 1113,
1396 2531 1454 2587 ΙΙΙ
1463 2536 1502 2587 39

414 2618 432 2672 3
448 2632 540 2672 omnes
556 2616 593 2679 V,
611 2631 717 2669 omnes
797 2616 816 2669 4
833 2616 946 2670 eumont
959 2615 987 2669 V
998 2620 1067 2670 teste
1080 2615 1220 2684 sopatro,
1239 2615 1352 2671 flectant
1367 2614 1395 2669 V
1404 2622 1472 2672 teste
1483 2618 1554 2673 hbeo

419 2702 572 2772 eoesep,
588 2701 743 2755 floetatnre
812 2700 1077 2755 sustantionensi
1093 2702 1120 2757 θ
1183 2720 1212 2758 se
1227 2702 1338 2758 adoms
1352 2703 1379 2756 V
1445 2704 1464 2757 8
1482 2704 1554 2758 iesus

414 2774 464 2843 eni
476 2787 527 2850 w,
545 2786 590 2840 uu
601 2772 652 2840 sn}
667 2785 706 2850 s,
724 2785 781 2839 run
792 2784 896 2840 domini
914 2785 942 2838 V
1025 2786 1162 2854 pesenae
1179 2788 1268 2843 etune
1352 2788 1388 2842 13
1404 2789 1496 2842 suum
1508 2804 1555 2857 po

414 2870 514 2927 tiusO
563 2871 716 2926 laboremus
731 2870 759 2925 V
809 2871 844 2926 14
861 2870 948 2939 adque
960 2885 1010 2926 oss
1025 2872 1067 2927 W
1126 2873 1161 2927 lb
1177 2872 1298 2927 euenerit
1313 2871 1352 2927 θ’
1423 2888 1461 2927 ns
1478 2889 1554 2929 soso

415 2972 588 3014 summer.
604 2972 738 3013 sxrnrm
752 2957 803 3022 W,
822 2971 915 3013 onom
933 2972 1066 3013 cremam
1083 2974 1121 3014 ns
1139 2974 1293 3015 namnum
1311 2973 1445 3015 muers
1460 2960 1487 3014 θ
