4009 5034
393 360 458 428 388
792 357 936 416 Caecilii
955 356 1117 430 Cypriani

395 533 468 580 uere
481 513 563 579 filios
576 515 649 578 tuos
663 512 790 597 diligis,
812 514 840 578 si
855 514 900 579 eis
914 512 1040 579 exhibes
1053 513 1179 594 plenam
1194 513 1227 575 et
1242 512 1402 595 paternam
1418 509 1527 574 dulce·

395 616 498 681 dinem
515 615 672 692 caritatis,
688 615 808 699 operari
821 616 924 701 magis
938 615 1032 680 debes
1046 615 1084 679 ut
1097 613 1180 679 lilios
1194 616 1267 679 tuos
1280 614 1345 679 Deo
1357 613 1440 678 iustu
1452 632 1526 696 ope·

395 717 514 784 ratione
529 717 733 783 commendes.

346 838 387 900 qq
436 820 503 885 Nec
517 839 589 885 eum
605 819 713 884 liberis
726 819 791 885 tuis
805 820 924 904 cogites
937 822 1060 902 patrem
1074 818 1128 901 qui
1143 821 1177 884 et
1197 818 1403 902 temporarius
1424 819 1456 883 et
1476 817 1527 882 in·

396 921 505 986 firmus
520 923 583 998 eat,
606 920 661 985 sed
676 920 769 986 illum
783 938 873 1003 pares
887 920 941 1003 qui
955 922 1098 986 aeternus
1112 921 1146 985 et
1159 919 1268 986 firmus
1283 920 1419 986 liliorum
1433 919 1527 1001 spiri·
1549 931 1562 970 ⁵

396 1023 511 1088 taliam
534 1024 624 1104 pater
650 1026 706 1086 est.
741 1022 791 1087 illi
817 1023 947 1105 adsigna
972 1021 1138 1086 facultates
1163 1025 1234 1087 tuus
1260 1039 1338 1104 quas
1363 1020 1527 1086 heredibus

396 1145 520 1190 seruas:
543 1124 598 1188 ille
612 1123 656 1189 sit
670 1124 778 1189 liberis
792 1124 856 1188 tuis
870 1125 973 1199 tutor,
1001 1123 1056 1187 illo
1070 1124 1209 1201 curator,
1231 1123 1286 1187 ille
1300 1125 1408 1188 contra
1421 1139 1528 1187 omnes

397 1226 526 1291 iniurias
541 1226 712 1291 saeculares
727 1227 835 1290 diuina
849 1227 1014 1290 maiestate
1028 1227 1192 1306 protector.
1216 1226 1439 1307 patrimonium
1461 1225 1528 1288 Deo

397 1328 551 1392 creditum
573 1346 630 1392 nec
651 1326 827 1408 respublica
848 1327 941 1407 eripit
962 1345 1019 1391 nec
1041 1327 1134 1392 liscus
1156 1327 1280 1392 inuadit
1301 1347 1357 1392 nec
1371 1327 1528 1391 calumnia

396 1429 502 1510 aliqua
517 1430 646 1493 forensis
661 1429 784 1493 euertit.
806 1428 840 1492 in
854 1431 923 1493 tuto
933 1428 1089 1492 hereditas
1099 1428 1226 1511 ponitur
1236 1447 1314 1511 quae
1325 1429 1390 1493 Deo
1401 1429 1528 1493 custode
1538 1437 1564 1476 ¹⁹

397 1534 550 1596 seruatur.
572 1530 631 1595 hoc
645 1533 694 1594 eet
707 1529 788 1594 caris
801 1529 983 1614 pignoribus
997 1531 1031 1594 in
1045 1532 1204 1611 postorum
1216 1532 1393 1612 prouidere,
1408 1531 1466 1597 hoc
1481 1534 1529 1596 est

397 1632 513 1696 futuris
528 1631 693 1697 heredibus
707 1635 835 1712 paterna
846 1632 960 1713 pietate
971 1632 1129 1696 consulere
1140 1633 1308 1699 amandum
1320 1635 1414 1699 fidem
1429 1636 1528 1717 scrip

397 1735 488 1798 turae
502 1734 789 1798 sanctaedicontis:
812 1735 997 1799 iuuenicr
1018 1735 1076 1799 fni
1099 1739 1140 1799 et
1160 1737 1269 1801 sanni
1292 1740 1421 1802 utnon
1444 1739 1527 1803 uidi

398 1834 545 1898 iustum
568 1834 803 1899 derelictum
825 1853 945 1916 nequo
977 1854 1106 1901 semen
1139 1837 1224 1901 eius
1256 1856 1446 1919 quaerens
1467 1858 1528 1922 pa-

397 1957 490 2002 nem.
506 1937 900 2003 totadiemiseretur
920 1941 958 2002 ct
978 1937 1157 2003 faenerat
1178 1943 1216 2004 et
1237 1958 1363 2006 semen
1384 1944 1468 2007 eius
1490 1944 1563 2008 iuss

399 2039 675 2103 benedictione
698 2040 785 2103 erit.
811 2040 984 2104 etiterum:
999 2040 1066 2121 qui
1089 2043 1350 2106 conuersatur
1370 2044 1453 2106 sinc
1473 2045 1529 2107 ui·

397 2141 647 2221 tuperatione
670 2141 711 2205 iu
733 2140 896 2206 iustitia
918 2142 1051 2208 beatos
1072 2141 1188 2207 lilios
1210 2143 1418 2224 relinquet.
1440 2164 1530 2225 prae·

398 2244 553 2307 uaricator
568 2243 674 2325 itaque
688 2244 721 2307 et
735 2243 874 2324 proditor
888 2244 977 2325 pater
991 2262 1040 2320 ss,
1064 2245 1124 2308 nisi
1139 2244 1215 2309 filiis
1229 2245 1295 2308 tuis
1309 2244 1444 2309 fideliter
1457 2263 1530 2310 oon·

399 2345 499 2420 sulm,
522 2345 582 2409 nisi
604 2345 822 2409 conseruaudis
843 2345 889 2410 eis
911 2345 1058 2429 religiosa
1079 2349 1111 2411 et
1125 2364 1199 2411 uera
1216 2347 1334 2429 pietate
1348 2347 1528 2428 prospicies.

399 2446 475 2527 quid
500 2446 607 2511 studes
632 2447 752 2511 terreno
775 2447 877 2529 magis
891 2465 985 2526 quam
1000 2446 1127 2512 caelesti
1142 2448 1343 2529 patrimonio,
1366 2449 1447 2514 filios
1461 2452 1568 2513 tuosso

399 2547 525 2612 diabolo
539 2548 641 2611 mauis
665 2549 879 2612 commendare
905 2567 999 2630 quam
1026 2547 1172 2612 Christo?
1194 2549 1243 2613 his
1257 2548 1413 2631 delinquis
1428 2554 1461 2615 et
1475 2570 1532 2633 ge·

397 2650 520 2714 minum
546 2668 582 2713 ao
607 2650 720 2730 duplex
750 2650 866 2714 crimen
880 2649 1024 2714 admittis
1049 2652 1082 2712 et
1107 2652 1189 2732 quod
1205 2670 1266 2715 non
1280 2670 1441 2732 praeparas
1457 2651 1531 2715 liliis

399 2751 464 2815 tuis
490 2751 547 2814 Dei
574 2751 673 2833 patuis
698 2752 850 2815 auxilium
871 2753 904 2815 ot
924 2754 1004 2832 quod
1021 2753 1112 2816 doces
1127 2751 1208 2815 lilios
1223 2753 1446 2833 patrimonium
1460 2752 1532 2834 plus

399 2871 505 2918 amare
520 2871 615 2934 quam
630 2850 799 2918 Christum.

349 2955 390 3016 20
442 2956 518 3019 lleto
543 2955 648 3037 potius
673 2955 781 3020 liberis
806 2958 870 3020 tuis
896 2960 985 3037 pater
999 2958 1075 3021 talis
1090 2956 1193 3036 qualis
1208 2955 1324 3020 Tobiae
1339 2957 1456 3020 extitit,
1491 2957 1564 3020 dea

401 3057 493 3123 utilia
515 3059 548 3122 et
569 3058 721 3123 salutaria
735 3060 897 3141 praecepta
923 3059 1106 3143 pignoribus
1131 3057 1238 3141 qualia
1262 3057 1317 3123 ille
1342 3057 1407 3124 filio
1433 3057 1531 3129 dedit.

400 3161 514 3225 manda
528 3161 604 3224 tiliis
618 3161 683 3226 tuis
699 3160 780 3243 quod
803 3165 836 3227 et
857 3162 911 3225 ille
926 3162 1089 3227 mandauit
1106 3162 1229 3226 dicens:
1252 3162 1290 3224 et
1310 3179 1426 3232 nuno,
1448 3159 1531 3232 1111,

400 3261 537 3325 mando
559 3262 688 3338 nobis,
725 3265 873 3328 seruile
896 3263 973 3328 Deo
997 3264 1033 3328 in
1057 3263 1231 3328 ueritate
1259 3267 1298 3326 et
1328 3262 1452 3327 lecito
1475 3281 1532 3327 co·

506 3447 537 3499 13
555 3447 753 3514 Pollidium.
807 3448 841 3501 16
858 3448 1029 3510 Ρ1ο1.111,7.
1082 3448 1116 3500 21
1135 3446 1355 3514 Tob.14,1osq.

452 3621 466 3670 1
486 3617 602 3686 plenam]
615 3619 747 3671 ucramG
798 3617 912 3671 ddebes
925 3618 1014 3687 magis
1029 3620 1053 3671 0
1114 3619 1132 3670 4
1149 3619 1221 3687 oum]
1233 3620 1262 3670 te
1276 3618 1318 3670 Go
1377 3618 1395 3668 11
1412 3619 1480 3670 aso

399 3718 478 3773 pares
490 3719 540 3757 ona
556 3703 593 3765 G,
606 3705 712 3771 patrem
723 3719 801 3771 pares
817 3704 903 3759 Oxos
957 3704 974 3756 9
991 3703 1095 3758 credito
1108 3704 1133 3756 0
1145 3704 1172 3764 (o
1183 3704 1216 3758 ira
1227 3703 1309 3770 raals
1320 3701 1385 3756 odd.
1398 3719 1433 3756 cc
1444 3709 1461 3756 1
1472 3702 1531 3756 cod.

399 3787 579 3856 Krudinper:
596 3803 644 3841 nec
655 3788 699 3841 fur
710 3789 795 3858 rapit3
819 3791 855 3856 cs.
873 3790 959 3844 Grore
973 3791 1027 3843 obs.
1036 3806 1066 3858 p.
1079 3792 1135 3842 324
1222 3788 1316 3857 eripit]
1328 3788 1401 3842 eruit
1411 3788 1482 3842 ideas

400 3875 435 3926 10
451 3873 493 3926 in.
504 3872 624 3941 ponitur
635 3876 726 3927 ootG
780 3874 812 3927 13
829 3875 917 3929 iunior
927 3891 945 3927 o
996 3876 1058 3944 uon]
1071 3890 1217 3942 numquam
1230 3873 1260 3928 F
1308 3873 1342 3927 14
1360 3875 1531 3941 quaerentem

399 3959 440 4023 F,
453 3974 563 4028 egem
614 3960 648 4014 11)
664 3958 795 4028 lacuerat]
807 3961 956 4015 commodat
967 3960 1012 4015 Fe
1066 3960 1098 4014 16
1110 3960 1173 4028 erit}
1186 3962 1228 4013 ost
1239 3961 1306 4023 Wc;
1329 3960 1366 4025 cs.
1379 3966 1437 4013 test.
1452 3959 1533 4014 1111

396 4061 426 4113 p.
437 4047 493 4100 110
544 4045 576 4098 17
588 4044 682 4099 beatos
694 4050 757 4114 post
770 4061 826 4099 sao
876 4048 912 4100 20
923 4047 987 4115 quid
1001 4046 1036 4110 F,
1049 4045 1183 4114 quiWGo
1235 4046 1269 4098 21
1282 4044 1371 4098 mauis
1382 4045 1425 4108 W,
1446 4046 1533 4115 raugia

400 4131 472 4185 ros
533 4131 653 4195 christo,
671 4131 713 4185 bis
724 4133 765 4186 sic
775 4133 950 4203 distinpaitv
1018 4134 1053 4186 22
1067 4132 1219 4200 praeparas]
1232 4147 1358 4200 properas
1372 4131 1534 4201 Krodiopes·

400 4214 526 4269 arcuo.
537 4217 641 4285 recepit
693 4217 728 4269 27
740 4217 879 4272 mandauit
889 4218 1019 4283 FWOV‚
1031 4218 1089 4271 tilio
1099 4216 1269 4271 mandauito
1320 4217 1356 4270 28
1373 4216 1450 4270 uobis
1461 4219 1533 4271 serui

400 4300 573 4364 semor,
592 4301 645 4356 tibi
658 4303 759 4358 oemio
822 4307 911 4359 otcra
925 4305 963 4358 W
1016 4304 1085 4359 iaco
