4009 5034
707 362 753 417 Ile
771 362 856 418 bono
873 359 1070 433 patientiae
1087 376 1109 413 c.
1127 359 1204 413 42⁴6.
1454 359 1518 424 401

386 527 459 592 neat
483 525 517 590 in
542 521 648 599 nobis,
671 519 699 586 si
713 519 889 585 similitudo
904 518 1013 584 diuina
1027 537 1120 600 quam
1143 515 1270 599 peccato
1292 513 1396 580 Adam
1416 514 1522 598 perdi-

386 628 477 694 derat
490 623 710 692 manifestetur
724 623 757 688 ot
772 623 877 688 luceat
890 621 924 687 in
938 620 1063 687 actibus
1083 619 1207 685 nostris.
1242 639 1321 701 quae
1346 618 1448 705 gloria
1473 620 1522 684 est

387 729 522 795 similem
539 730 604 794 Deo
618 727 703 804 lieri,
726 726 828 808 qualis
843 727 877 792 et
890 725 1008 808 quanta
1023 725 1159 790 felicitas
1172 722 1286 789 habero
1300 724 1334 788 in
1348 722 1522 788 uirtutibus

388 830 470 916 quod
486 830 602 897 diuinis
615 829 761 894 larrdibus
776 827 877 913 possit
890 829 1029 912 aequari.

354 961 367 1001 e
430 935 498 999 Nec
511 934 585 1011 hoo,
601 934 715 999 iratres
728 932 944 1010 dilectissimi,
960 933 1050 998 Iesus
1065 932 1209 999 cbristus
1223 932 1376 998 Dominus
1391 933 1423 996 et
1436 931 1551 1002 Deusc

388 1037 493 1103 noeto
508 1038 633 1103 tantum
648 1036 752 1102 uerbis
768 1035 890 1114 docuit,
914 1036 969 1101 sed
989 1036 1138 1119 impleuit
1163 1037 1195 1101 ot
1220 1033 1322 1100 iactis.
1346 1038 1378 1099 ot
1402 1033 1456 1117 qui
1484 1032 1524 1098 ad

389 1136 448 1205 hoc
462 1139 657 1206 descendisse
682 1156 716 1203 se
741 1139 862 1204 dixerat
887 1141 924 1202 ut
948 1137 1147 1204 uoluntatem
1177 1137 1276 1221 patris
1301 1137 1417 1203 faceret
1442 1136 1525 1200 inter

390 1241 494 1307 cetera
514 1241 675 1307 mirabilia
696 1240 856 1306 uirtutum
878 1240 992 1323 quibus
1008 1240 1126 1307 indicia
1139 1240 1264 1306 diuinae
1279 1240 1457 1306 maiestatis
1471 1257 1525 1303 ex·

389 1344 504 1427 pressit
525 1346 689 1429 paternam
711 1360 831 1427 queque
852 1342 1040 1427 patientiam
1055 1344 1240 1409 tolerantiae
1253 1345 1361 1409 tenore
1375 1344 1525 1409 seruauit.

356 1446 491 1512 oomnis
503 1447 634 1529 denique
644 1448 734 1513 actus
746 1447 813 1512 eius
828 1446 868 1512 ab
883 1447 951 1528 ipso
966 1447 1078 1512 statim
1093 1447 1231 1512 aduentu
1246 1446 1399 1529 patientia
1413 1446 1525 1512 comite

391 1550 550 1633 signetur,
573 1549 656 1631 quod
677 1551 817 1631 primum
838 1548 878 1614 de
894 1545 978 1635 [illa]
995 1548 1193 1615 sublimitate
1208 1549 1336 1614 caelesti
1351 1548 1391 1614 ad
1406 1549 1527 1613 terrena

390 1651 577 1718 descendens
591 1670 653 1716 non
675 1653 858 1734 aspamatur
879 1651 939 1732 Dei
961 1650 1048 1717 illius
1063 1669 1186 1717 carnem
1201 1651 1337 1718 hominis
1352 1651 1480 1717 induere
1494 1650 1527 1715 ot

392 1770 464 1817 enm
476 1755 621 1837 peccator
634 1753 701 1835 ipso
715 1770 778 1817 non
792 1755 875 1817 esset
888 1753 993 1818 aliena
1006 1755 1135 1836 peecata
1148 1755 1280 1837 portare.
1297 1754 1527 1820 inmortalitate

391 1855 519 1922 interim
532 1855 635 1939 posita
657 1854 723 1921 lieri
747 1874 780 1922 se
801 1856 967 1922 mortalem
989 1857 1113 1938 patitur
1135 1858 1172 1921 ut
1186 1857 1329 1923 innocens
1344 1876 1399 1941 pro
1414 1877 1528 1925 nocen-

359 1983 385 2023 o
393 1959 476 2024 tium
490 1959 592 2024 salute
607 1959 791 2041 perimatur.
813 1958 969 2023 Dominus
983 1957 1164 2041 baptizatur
1178 1979 1197 2023 a
1210 1978 1300 2025 seruo
1316 1962 1348 2026 ot
1362 1961 1527 2025 remissam

394 2062 594 2144 peecatorum
619 2061 750 2127 daturas
776 2062 842 2144 ipse
867 2078 928 2126 non
943 2061 1134 2145 dedignatur
1148 2061 1272 2128 lauacro
1286 2063 1530 2148 regenerationis

394 2181 504 2245 corpus
519 2163 653 2229 abluero.
678 2161 787 2227 diebus
801 2162 1009 2247 quadraginta
1024 2163 1143 2228 ieiunat
1157 2184 1212 2247 por
1227 2183 1320 2246 quern
1335 2167 1429 2232 ceteri
1444 2164 1531 2250 sagi·

394 2267 527 2331 nentur:
543 2266 642 2330 esurit
657 2266 689 2329 et
703 2266 817 2330 lamam
834 2265 933 2330 sensit
947 2266 985 2329 ut
999 2266 1053 2347 qui
1065 2265 1099 2330 in
1110 2264 1194 2330 iamo
1205 2269 1356 2332 sermonis
1367 2270 1399 2333 et
1410 2269 1531 2351 gratiae

395 2367 520 2435 fuerant
542 2369 670 2435 caelesti
691 2386 771 2452 pane
793 2368 1016 2434 saturarentur.
1041 2388 1115 2434 cum
1128 2368 1254 2436 diabolo
1269 2373 1444 2455 temptante
1458 2388 1532 2436 oon·

362 2492 388 2533 aa
397 2471 540 2554 graditur
554 2474 587 2537 et
600 2471 763 2536 inimicum
779 2471 905 2535 tantum
920 2470 1036 2535 uicisse
1051 2471 1214 2537 contentus
1229 2471 1310 2535 nihil
1330 2473 1416 2537 ultra
1438 2474 1533 2539 uerba

397 2575 535 2638 conatur.
571 2572 734 2657 discipulis
763 2590 824 2638 non
853 2576 890 2637 ut
912 2574 1011 2638 seruis
1034 2574 1190 2640 dominica
1211 2577 1364 2656 potestate
1387 2577 1533 2659 praefuit,

396 2677 450 2741 sod
463 2677 617 2762 benignus
632 2679 665 2742 et
675 2676 763 2741 mitis
778 2677 914 2742 fraterna
928 2696 979 2743 eos
994 2678 1125 2743 caritate
1137 2668 1257 2755 dilexit,
1273 2679 1421 2763 dignatus
1436 2682 1533 2746 etiam

397 2778 491 2863 pedes
506 2778 717 2860 apostolorum
732 2778 847 2857 lauare,
863 2780 901 2843 ut
915 2778 991 2844 dum
1007 2778 1090 2845 circa
1105 2797 1211 2846 seruos
1226 2779 1301 2844 talis
1316 2782 1365 2845 est
1378 2781 1534 2862 dominus,

399 2881 539 2964 exemplo
565 2900 621 2947 suo
648 2881 773 2946 doceret
797 2881 900 2963 qualis
926 2882 1010 2947 cirea
1035 2901 1182 2964 conpares
1208 2884 1240 2948 et
1264 2885 1408 2967 aequales
1422 2886 1535 2952 debeat

365 3000 465 3048 neem
490 3000 668 3049 conseruus.
689 3001 746 3048 nec
760 2982 938 3047 mirandum
954 2983 1038 3065 quod
1060 2984 1142 3049 cirea
1163 2984 1364 3051 obaudientes
1386 2988 1461 3053 talis
1483 3006 1537 3052 en·

400 3084 504 3151 titorit
529 3085 584 3167 qui
609 3085 723 3151 Iudam
750 3086 854 3168 potuit
879 3104 977 3167 usquo
1002 3085 1043 3150 ad
1066 3088 1241 3154 extremum
1266 3089 1361 3173 longa
1385 3092 1539 3175 patientia

401 3186 570 3268 sustinere,
594 3187 700 3252 cibum
715 3206 788 3253 cum
802 3186 930 3254 inimico
945 3204 1070 3270 capere,
1093 3188 1217 3255 bostem
1232 3191 1442 3257 domesticum
1457 3194 1536 3259 scire

454 3375 470 3426 1
482 3373 511 3436 iu
521 3374 609 3444 nobis]
619 3374 644 3426 si
653 3373 843 3428 consummari.
854 3411 860 3424 .
871 3373 1033 3428 .natiuitato
1041 3376 1142 3443 repetit
1150 3377 1200 3440 θ’,
1210 3392 1270 3445 erp.
1280 3377 1319 3430 6²
1369 3378 1393 3431 si
1403 3379 1488 3433 cont}

402 3457 572 3526 peceandoo
624 3458 687 3512 bne
701 3457 738 3512 0¹
796 3458 902 3513 etdaus
918 3459 1014 3513 Wal.
1027 3464 1094 3514 Μ
1144 3460 1541 3518 deusetdominusceletdo·

404 3541 601 3598 minusdeuso
653 3542 771 3612 tpleuit
785 3547 814 3599 et
825 3545 993 3613 quinctilis
1004 3545 1139 3616 incipitS
1190 3547 1248 3617 qui]
1264 3548 1356 3616 quino
1408 3548 1540 3604 'ddiscen-

405 3626 477 3681 disse
491 3644 520 3681 se
536 3627 638 3694 W,
655 3628 780 3684 demendi
792 3646 850 3684 sese
864 3630 890 3684 θ
953 3630 997 3685 dei
1010 3631 1135 3700 patrisS
1200 3632 1411 3687 Sadrnirabilia
1427 3634 1465 3698 W,
1484 3649 1542 3687 arn·

404 3712 544 3768 mirabilia
557 3714 595 3780 0,
614 3714 753 3785 magnalia
774 3715 811 3781 V,
828 3715 967 3787 magnalis
987 3718 1017 3770 et
1038 3715 1176 3772 mirabilia
1196 3718 1310 3787 sorpsit
1327 3718 1493 3790 Kraoiaper

404 3800 539 3855 uirtutum
551 3816 660 3856 suarum
672 3801 718 3855 cel
730 3816 839 3856 suarum
853 3801 1018 3857 uirtutum
1080 3803 1384 3861 9sernauittenor00
1441 3806 1476 3861 10
1487 3822 1543 3861 om·

404 3901 481 3939 naso
532 3886 726 3956 pacientiae&
779 3890 811 3942 11
825 3887 998 3958 signanturo
1050 3889 1102 3943 illa
1113 3889 1198 3944 onas
1250 3890 1284 3945 13
1294 3894 1416 3961 portaret
1426 3891 1493 3946 8¹0

406 3972 441 4026 14
458 3971 619 4041 sepositcS’
688 3975 717 4028 et
728 3975 868 4030 mortalem
880 3975 935 4031 Wo
1006 3976 1040 4030 15
1056 3976 1262 4046 perematurW
1329 3978 1443 4033 remissa
1455 3977 1489 4033 δ·

407 4058 441 4113 16
458 4056 616 4129 designatur
630 4061 680 4116 W¹
737 4061 771 4114 17
789 4061 933 4132 sapiamus
946 4060 979 4116 S·
1039 4064 1074 4116 18
1085 4061 1218 4118 lamenti
1269 4065 1547 4119 sentit—saturentur

410 4144 493 4199 WOo
544 4147 579 4202 19
590 4145 701 4201 diabolo
710 4145 777 4202 sW
817 4148 1044 4202 20uerbaooa0
1096 4148 1356 4218 lidignatusesto
1401 4150 1534 4219 tiaeque

407 4230 447 4285 lea
458 4246 493 4286 ec
505 4232 599 4303 quales
611 4232 711 4289 Soet
795 4235 832 4290 25
848 4233 1020 4290 oboedientes
1039 4235 1119 4302 WG,
1146 4251 1281 4307 compares
1298 4236 1473 4292 obaudientes
1488 4236 1549 4291 Bo·

408 4316 499 4372 desim
561 4319 669 4375 taleas
723 4319 758 4378 27
777 4320 1014 4390 caperemur,
1032 4337 1170 4377 mmerco

509 4424 561 4472 111.
1302 4411 1345 4477 26
