4009 5034
489 1266 572 1364 DE
616 1265 820 1364 OPERE
860 1264 938 1362 ΕΤ
977 1258 1454 1361 ELEEMOSYNIS.

444 1516 565 1628 Muta
591 1561 623 1623 et
646 1576 761 1642 magna
786 1557 876 1634 sunt,
910 1555 1024 1621 fratres
1051 1554 1221 1631 carissimi,
1259 1554 1408 1620 beneficis
1433 1553 1568 1628 diuina!

401 1664 515 1747 quibus
531 1663 565 1726 in
580 1661 716 1726 salutem
730 1660 870 1724 nostram
891 1657 950 1722 Dei
970 1659 1071 1740 patris
1086 1659 1120 1723 et
1133 1656 1251 1722 Christi
1267 1657 1404 1741 largest
1419 1656 1544 1738 copiosa

402 1765 568 1832 clementia
594 1766 627 1828 ot
649 1762 776 1845 operata
789 1761 835 1826 sit
849 1763 883 1826 et
897 1779 1022 1842 semper
1036 1762 1200 1843 operetur,
1224 1759 1308 1842 quod
1323 1759 1543 1825 conseruandis

367 1891 380 1931 s
403 1888 440 1934 ao
465 1866 665 1933 uiuificandis
690 1863 781 1930 nobis
804 1863 894 1945 pater
919 1861 1023 1927 filium
1049 1862 1139 1926 misit
1159 1863 1196 1926 ut
1211 1881 1353 1944 reparare
1367 1878 1424 1927 nos
1438 1864 1545 1944 posset

402 1968 645 2054 quodquefilius
659 1967 776 2033 missus
791 1983 859 2032 osse
873 1966 906 2030 et
919 1965 1057 2031 hominis
1072 1965 1157 2029 iilius
1180 1965 1286 2029 uocari
1302 1964 1406 2030 uoluit
1428 1968 1466 2029 ut
1487 1982 1544 2030 nos

401 2073 461 2139 Dei
476 2071 558 2136 filios
573 2069 704 2135 iaceret:
727 2067 913 2133 humiliarit
939 2086 973 2133 se
999 2070 1037 2133 ut
1063 2068 1216 2153 populum
1237 2067 1291 2150 qui
1318 2068 1407 2150 prius
1422 2066 1545 2133 iacebat

402 2174 551 2257 erigeret,
575 2171 758 2237 uulneratus
774 2170 822 2235 est
845 2173 882 2235 ut
904 2169 1037 2235 uulnera
1059 2170 1330 2249 nostrorumst,
1352 2168 1488 2234 seruiuit
1509 2171 1546 2233 ut

403 2277 444 2341 ad
458 2275 638 2341 libertatem
653 2272 825 2339 seruientcs
840 2273 1025 2337 extraheret.
1058 2273 1138 2337 mori
1159 2271 1313 2337 sustinuit
1327 2274 1364 2336 ιιι
1379 2272 1545 2337 immorta-

370 2378 528 2443 1olitatem
543 2374 733 2442 mortalibus
747 2375 916 2441 exhiberet.
942 2376 1046 2439 multa
1058 2373 1136 2440 haec
1151 2378 1227 2438 sunt
1241 2376 1274 2438 ιι
1288 2393 1405 2458 magna
1420 2374 1546 2439 diuinae

404 2479 633 2545 misericordiae
647 2497 786 2543 munera
809 2477 863 2542 sed
878 2478 981 2542 adhuc
993 2477 1096 2559 qualis
1107 2476 1305 2560 prouidentia
1317 2477 1375 2541 ilia
1385 2479 1419 2542 ιι
1429 2479 1547 2558 quanta

404 2581 573 2648 clementia
587 2584 646 2658 est,
662 2580 744 2663 quod
758 2580 848 2644 nobis
863 2579 995 2644 salutari
1011 2579 1132 2645 ratione
1146 2578 1351 2662 prospicitur,
1375 2581 1412 2643 ut
1426 2577 1546 2642 homini

404 2685 459 2767 qui
473 2684 652 2767 redemptus
667 2685 716 2748 est
730 2683 915 2749 reseruando
930 2681 1053 2766 plenius
1075 2682 1266 2748 consulatur.
1291 2702 1364 2747 nam
1386 2700 1459 2747 oum
1481 2682 1546 2745 Do-

404 2787 509 2852 minus
531 2785 698 2851 adueniens
719 2785 858 2851 sanasset
880 2785 938 2849 illa
960 2804 1039 2867 quae
1054 2784 1158 2849 Adam
1173 2786 1356 2868 portauerat
1369 2783 1501 2850 uulnera
1515 2786 1548 2850 et

370 2907 522 2955 reuenena
536 2888 689 2970 serpentis
703 2887 834 2970 antiqua
847 2891 1004 2965 curasset,
1028 2889 1132 2972 legem
1147 2886 1236 2953 dedit
1251 2905 1326 2953 sano
1341 2888 1375 2952 ιι
1389 2886 1548 2969 praecepit

404 3009 443 3056 ne
464 2990 551 3056 ultra
572 2991 637 3054 iam
660 2992 816 3072 peccaret,
839 2989 968 3071 nequid
983 2989 1270 3074 peccentigrauius
1286 2988 1435 3053 euenuet
1459 3007 1547 3054 coar·

404 3093 466 3159 tati
481 3111 605 3159 eramus
634 3095 666 3159 ιι
692 3093 725 3158 in
745 3094 916 3177 angustum
931 3092 1126 3157 innocentiae
1141 3090 1383 3174 praescriptione
1399 3091 1546 3155 conclusi.

403 3214 460 3262 nec
475 3196 603 3262 heberet
618 3196 694 3278 quid
710 3195 893 3279 fragilitatis
908 3196 1065 3260 humanas
1079 3194 1247 3259 infirmitas
1269 3193 1371 3275 adque
1392 3193 1548 3258 inbecilli-

404 3299 453 3361 tas
468 3296 599 3375 iacsret,
621 3296 682 3362 nisi
698 3298 815 3362 iterum
827 3296 929 3379 pietas
943 3296 1053 3362 diuina
1067 3296 1256 3362 subueniens
1270 3294 1412 3360 iustitiae
1434 3297 1467 3360 ιι
1485 3294 1548 3358 mi-

368 3399 590 3466 msericordias
607 3399 751 3482 operibus
765 3398 898 3466 ostensis
913 3398 999 3464 uriam
1015 3399 1172 3482 quandam
1186 3398 1323 3464 tuendas
1337 3396 1451 3463 salutis
1474 3417 1549 3482 ape·

457 3602 568 3643 ruamur
585 3602 624 3642 ns
641 3601 733 3641 orsus
749 3602 785 3641 ren
802 3600 982 3642 snsuosrrrs
994 3587 1179 3656 (neruosusne
1195 3587 1239 3655 W)
1249 3588 1326 3654 SW,
1345 3602 1455 3642 morsm
1472 3601 1550 3643 mvs-

404 3687 465 3727 nrur
483 3687 521 3727 ns
538 3687 631 3728 ornan
648 3688 684 3727 su
701 3686 867 3727 ntruosmrs
881 3671 908 3727 G
967 3673 986 3726 2
1003 3672 1150 3743 carissimi]
1162 3672 1337 3727 dilectissimi
1354 3672 1410 3727 GV
1464 3673 1551 3727 dser-

404 3758 501 3813 nsndis
518 3759 544 3813 θ
609 3757 731 3812 dilium
744 3774 822 3814 suum
834 3760 914 3827 pater
931 3756 958 3811 G
1021 3775 1099 3812 suum
1111 3758 1191 3812 misit
1201 3776 1221 3813 o
1285 3757 1302 3811 6
1320 3774 1378 3812 osse
1390 3758 1428 3826 ot]
1442 3775 1499 3812 esse
1516 3760 1550 3822 G,

404 3842 460 3898 dici
478 3860 507 3899 se
519 3846 547 3898 et
562 3843 599 3908 V,
619 3844 692 3899 esset
708 3842 812 3909 caea,
830 3846 873 3898 est
890 3845 919 3896 ιι
933 3843 1049 3900 Murice
1061 3845 1207 3900 Mercator
1221 3861 1252 3914 p.
1265 3848 1323 3900 180
1346 3844 1388 3900 ed.
1398 3843 1499 3899 Baius.

403 3927 493 3984 filium
508 3929 535 3983 V
585 3931 676 3984 uocari
688 3930 730 3997 F,
749 3945 800 3984 om.
813 3926 950 3992 sWoV,
970 3928 1026 3984 dici
1042 3930 1145 3994 Ososa,
1165 3929 1224 3984 deri
1236 3930 1389 3994 Boionius,
1404 3947 1464 3985 esse
1475 3932 1553 3985 Mar.

403 4015 493 4069 Mero.
581 4014 599 4069 8
616 4018 724 4069 curaret
736 4014 889 4070 SFWGV
900 4020 926 4068 et
939 4013 1018 4069 Mar.
1032 4015 1135 4077 Mero..
1154 4017 1265 4069 sanaret
1275 4034 1293 4071 ι
1352 4018 1384 4069 11
1405 4014 1550 4085 prouiden-

403 4098 497 4155 tieeS
559 4101 593 4154 12
610 4100 655 4169 ut]
667 4102 696 4155 et
706 4099 737 4154 F
795 4099 914 4154 hominis
926 4100 957 4155 F
1018 4101 1052 4155 13
1069 4104 1208 4156 reseruato
1219 4101 1250 4155 F
1301 4101 1456 4157 consolator
1468 4102 1499 4157 F

404 4185 439 4238 15
456 4185 573 4254 antiqua
583 4186 684 4242 ΝΘ
696 4193 722 4242 et
735 4186 913 4258 dispartiens
926 4193 1028 4242 contra
1040 4187 1114 4242 doru
1125 4188 1204 4255 epist.
1218 4187 1317 4257 Pelcp.
1332 4189 1350 4241 1
1354 4188 1385 4250 V,
1398 4192 1426 4249 8,
1439 4190 1494 4250 21..
1507 4202 1555 4241 an·

404 4268 534 4339 tiquaeS,
546 4270 681 4340 antiquio
726 4273 761 4327 16
770 4270 936 4340 percrudis·
990 4273 1023 4325 17
1033 4272 1229 4341 proscriptione
1243 4273 1269 4325 G
1316 4275 1349 4327 18
1362 4274 1419 4343 noe]
1432 4272 1501 4327 ned

405 4355 441 4411 20
459 4357 582 4429 tuendae]
595 4357 710 4413 tonando
725 4357 751 4411 G
