4009 5034
670 1239 755 1337 All
793 1238 1284 1339 DEMETRIANVM.

459 1506 688 1617 oblatrantem
704 1548 737 1613 te
751 1549 784 1613 et
797 1547 948 1614 aduersus
962 1548 1067 1613 Deum
1086 1548 1142 1630 qui
1163 1567 1244 1613 unus
1264 1550 1297 1613 et
1317 1567 1411 1615 uerus
1433 1548 1482 1613 est
1503 1549 1581 1613 orel

416 1652 567 1736 sacrilego
583 1653 616 1717 et
632 1650 736 1718 uerbis
750 1650 859 1735 impiis
873 1650 1104 1733 obstrepentem
1127 1648 1321 1733 frequenter,
1345 1650 1556 1729 Demetriade,

416 1754 660 1836 contempseram
683 1753 889 1820 uerecundius
912 1755 944 1819 et
964 1755 1080 1821 melius
1095 1756 1278 1822 existimans
1293 1755 1427 1820 errantis
1440 1755 1558 1838 inperi-

383 1868 396 1908 ⁵
417 1856 497 1921 tiam
511 1855 636 1922 silentio
651 1873 793 1940 spernere
809 1875 903 1939 quam
918 1857 1071 1941 loquendo
1094 1859 1248 1925 dementis
1271 1857 1424 1923 insaniam
1444 1875 1558 1942 prouo-

419 1976 496 2024 care.
530 1977 587 2024 nee
613 1958 672 2023 hoe
697 1958 764 2025 sine
786 1959 961 2044 magisterii
976 1959 1078 2026 diuini
1093 1961 1281 2027 auctoritate
1294 1959 1463 2041 faciebam,
1486 1979 1558 2027 cum

419 2060 574 2144 scriptum
600 2060 658 2127 sit:
693 2062 733 2126 in
755 2079 866 2128 aures
887 2062 1140 2146 inprudentis
1161 2063 1244 2130 noli
1265 2064 1478 2147 quicquam
1501 2063 1559 2129 di·

420 2182 518 2243 cere,
552 2183 597 2230 ne
618 2163 774 2246 quondo
795 2166 976 2232 audierit
1003 2167 1178 2233 inrideat
1210 2168 1394 2233 sensatos
1420 2183 1559 2232 sermo·

422 2284 487 2330 nes
509 2267 615 2345 tuos,
649 2266 828 2332 etiterum:
864 2267 947 2332 noli
980 2269 1225 2352 respondere
1255 2268 1492 2353 inprudenti
1515 2267 1561 2334 ad

388 2369 726 2453 ¹⁰inprndentiam
742 2370 826 2435 eius
848 2390 897 2436 ne
919 2370 1067 2437 similis
1087 2370 1164 2437 fias
1186 2372 1268 2451 illi,
1284 2373 1561 2453 etsanctumquo·

426 2489 486 2553 que
500 2472 665 2538 iubeamus
679 2472 763 2536 intra
778 2472 999 2539 conscientiam
1011 2474 1151 2538 nostram
1162 2475 1267 2540 tenere
1278 2491 1334 2539 noe
1345 2473 1563 2539 inculcandum

426 2572 527 2655 porcis
542 2575 575 2637 et
589 2574 717 2639 canibus
731 2591 880 2656 exponere
895 2575 1040 2657 loquente
1061 2575 1196 2640 Domino
1221 2578 1254 2642 et
1279 2575 1416 2640 dicente:
1438 2593 1484 2640 ne
1504 2573 1564 2640 de·

426 2673 570 2740 deritis
592 2678 772 2742 sanctum
788 2674 1088 2759 canibusneque
1109 2676 1309 2742 miseritis
1329 2677 1565 2761 margaritas

428 2778 580 2842 uestras
613 2781 699 2842 ante
733 2794 880 2858 porcos,
918 2796 962 2843 ne
983 2778 1181 2845 inculcent
1202 2798 1267 2846 eas
1289 2779 1451 2862 podibus
1478 2780 1567 2844 suis.

395 2897 501 2944 unam
526 2898 598 2944 curn
622 2879 662 2944 ad
689 2897 740 2945 me
766 2896 856 2962 saepe
881 2880 985 2945 modio
1011 2881 1113 2967 magis
1139 2880 1371 2949 contradicendi
1386 2898 1481 2964 quam
1495 2881 1568 2946 noto

429 2981 568 3048 discendi
592 2984 714 3049 uenires
737 2983 770 3048 et
792 2983 938 3049 clamosis
953 2983 1083 3049 uocibus
1097 3003 1264 3068 personans
1279 2985 1392 3051 malles
1406 2986 1463 3050 tua
1476 2985 1569 3066 inpu-

429 3084 537 3150 denter
550 3086 690 3171 ingerere
705 3104 801 3168 quam
816 3087 923 3152 nostra
937 3086 1092 3169 patienter
1107 3087 1230 3165 audire,
1247 3086 1389 3169 ineptum
1404 3089 1571 3155 uidebatur

430 3188 576 3272 congredi
591 3191 716 3266 tecum,
739 3189 861 3272 qnando
876 3188 1002 3255 facilius
1018 3190 1100 3255 esset
1114 3192 1147 3255 et
1161 3190 1266 3256 leuius
1280 3190 1457 3257 turbulenti
1472 3191 1569 3257 maris

535 3375 650 3430 lProu.
662 3377 706 3438 23.
718 3375 743 3429 9.
796 3376 911 3431 9Pron.
924 3378 968 3441 26,
981 3377 1007 3430 4.
1062 3376 1095 3431 12
1111 3376 1288 3440 natanta

484 3561 595 3602 rnorrrr
613 3562 651 3601 en
669 3562 881 3602 neumanensis
897 3549 990 3615 (anau
1007 3547 1073 3602 cdd.
1087 3548 1128 3617 Β)
1142 3548 1286 3612 Wadi&
1306 3564 1344 3603 en
1362 3563 1574 3603 naumurum
1601 3538 1616 3559 ‘'

433 3632 605 3688 umnam
624 3634 715 3687 berit
733 3631 792 3686 Vc.
806 3636 837 3695 4,
857 3647 1003 3687 snvsasrs
1015 3646 1228 3688 neumam
1245 3633 1437 3703 Hieronymo
1453 3634 1491 3688 od
1508 3634 1574 3687 Μα-

433 3719 663 3787 psammutes
732 3718 751 3771 2
768 3719 796 3771 et
811 3717 1119 3783 We.l.oa2,om.d1
1202 3718 1527 3788 dobstrepenterntedl

433 3803 452 3856 4
469 3804 617 3873 contempsi
628 3821 663 3857 ex
674 3806 858 3873 contempsere
872 3803 900 3857 Β
910 3808 976 3859 ua2
1028 3804 1066 3872 ot]
1079 3819 1140 3858 seo
1204 3804 1366 3859 bsilentius
1378 3804 1414 3859 Μ
1417 3806 1426 3834 ¹
1489 3804 1507 3859 6
1524 3805 1575 3858 hoc

435 3889 473 3943 Μ
482 3904 503 3943 s.
516 3888 533 3942 l.
546 3892 610 3943 Μ
662 3887 822 3957 magisterio
834 3888 898 3943 ΒΜ
949 3887 1059 3942 diuinae
1071 3888 1243 3943 auctoritatis
1257 3889 1306 3954 Μ,
1319 3888 1407 3943 diuini
1420 3892 1449 3943 et
1459 3888 1576 3943 nominis

436 3973 627 4028 auctoritates
706 3975 722 4027 'd
741 3974 872 4043 scriptum
884 3974 922 4026 sit
933 3989 969 4026 aa·
980 3973 1091 4042 scripsit
1106 3973 1218 4028 ΨΜ
1295 3974 1314 4026 8
1331 3973 1484 4028 insensatos
1497 3974 1525 4028 Β

436 4059 453 4113 9
471 4060 570 4113 iterum
582 4058 650 4114 dicit
662 4060 700 4114 M
768 4058 802 4114 10
819 4057 1046 4128 inprouidentiam
1059 4058 1087 4112 Β
1155 4058 1200 4113 illi
1219 4059 1269 4112 llas
1282 4059 1321 4113 W
1391 4059 1424 4113 14
1442 4058 1578 4113 inculcent

437 4145 571 4210 RMBV,
589 4146 746 4200 conculcent
759 4146 798 4199 W
846 4143 960 4214 pedibus
972 4144 1029 4197 suis
1044 4144 1212 4209 WRMBV,
1229 4142 1343 4215 pedibus
1354 4149 1384 4199 et
1394 4145 1516 4200 conuersi
1527 4144 1577 4200 eli·

437 4229 505 4284 dant
516 4246 594 4285 uoso
658 4231 691 4284 16
708 4230 864 4301 personans]
876 4232 1046 4299 perstrepens
1059 4228 1086 4281 V
1150 4229 1326 4300 inprudenter
1339 4229 1367 4284 Β
1436 4232 1468 4285 17
1487 4245 1579 4301 gerere

442 4317 482 4371 W
549 4317 584 4372 18
600 4334 658 4372 esso
670 4318 699 4373 R
750 4315 917 4372 turbulentis
929 4317 958 4372 Β
