4009 5034
693 406 739 461 Do
756 419 856 475 opere
872 406 907 458 et
923 402 1147 473 eleemosynis
1165 419 1187 459 c.
1205 402 1280 457 1--4,
1475 409 1540 475 375

445 563 663 649 Agnoscamus
676 561 802 643 itaque,
823 557 936 624 trades
951 557 1168 637 dilectissimi,
1184 559 1311 626 dirime
1325 558 1569 646 indulgentiaet

402 668 526 734 salubre
536 684 650 732 munus
663 662 720 753 [st]
734 663 939 730 emundandis
950 663 1182 747 purgandisque
1193 664 1329 746 peccatis
1343 664 1469 742 nostris,
1485 664 1539 745 qui

404 769 471 835 sine
485 768 591 851 aliquo
605 767 812 833 conscientiae
825 765 955 832 uulnere
969 784 1036 832 esse
1047 784 1109 832 non
1119 782 1284 848 possumus
1293 765 1435 832 medellis
1445 766 1542 850 spiri·

403 871 523 938 talibus
536 872 669 937 uulnera
682 871 789 936 nostra
811 886 964 934 curemus.
987 887 1045 934 nec
1066 869 1231 951 quisquam
1253 868 1299 935 sic
1320 869 1382 936 aioi
1404 871 1443 936 de
1463 889 1542 953 puro

383 974 504 1057 saulque
518 973 722 1038 immaculato
736 973 861 1053 pectore
875 970 1074 1048 blandiatur,
1106 974 1144 1037 ut
1165 972 1342 1038 innocentia
1362 990 1421 1037 sua
1442 973 1543 1039 fretus

403 1076 592 1142 medicinam
607 1095 668 1140 non
682 1076 773 1157 putet
787 1073 997 1139 adhibendam
1014 1092 1080 1139 esse
1095 1073 1287 1152 uulneribus,
1302 1094 1374 1140 cum
1389 1077 1543 1159 scriptum

403 1179 464 1245 sit:
487 1178 573 1260 qnia
594 1176 838 1263 gloriabitur
860 1179 1013 1242 castum
1035 1195 1075 1242 se
1097 1177 1245 1243 habere
1267 1197 1331 1243 cor
1358 1179 1426 1243 aut
1453 1178 1543 1261 quis

405 1281 648 1368 gloriabitur
668 1281 853 1346 mundum
876 1299 915 1345 se
937 1298 1022 1346 esse
1045 1301 1064 1346 a
1085 1282 1283 1364 peccatis?
1316 1281 1349 1346 et
1371 1283 1488 1347 iterum
1511 1282 1543 1346 in

404 1386 541 1468 epistula
564 1403 622 1449 sna
647 1383 800 1450 Iohannes
815 1385 912 1465 ponat
936 1385 969 1448 et
994 1382 1095 1449 dicat:
1130 1384 1167 1448 si
1200 1384 1420 1450 dixerimus
1452 1385 1544 1467 quis

370 1487 607 1569 ropeccatnm
630 1506 702 1552 non
724 1486 926 1563 habemus,
954 1503 1023 1551 nos
1046 1486 1153 1570 ipsos
1176 1487 1397 1570 decipimus
1418 1489 1459 1551 et
1482 1505 1544 1552 ue·

403 1591 503 1657 ritas
525 1588 700 1655 innotis
722 1607 793 1655 non
816 1593 885 1654 ast.
910 1588 1544 1673 sieutemnemoessesinepeccatopo-

404 1694 469 1758 test
490 1694 523 1757 el
544 1693 674 1774 quisque
697 1710 729 1755 se
751 1691 949 1774 inculpatum
972 1692 1088 1756 dixerit
1109 1694 1166 1757 aut
1187 1690 1338 1774 superbus
1357 1693 1414 1756 aut
1427 1691 1546 1757 stultns

405 1797 471 1874 est,
493 1812 588 1878 quam
602 1792 790 1872 necessaria,
814 1811 909 1876 quam
923 1793 1060 1878 benigna
1075 1797 1124 1858 est
1139 1791 1247 1859 diuina
1261 1792 1444 1872 clementia,
1467 1810 1546 1874 quae

404 1914 477 1961 cum
505 1897 586 1961 sciat
613 1913 673 1961 non
701 1897 807 1961 deesse
836 1896 953 1960 sanatis
982 1897 1135 1977 quaedam
1163 1897 1365 1979 postmodnm
1399 1896 1545 1973 uulnera,

371 1998 495 2064 adedit
517 2000 661 2065 curandis
684 2001 784 2065 denuo
806 1998 1013 2081 sanandisque
1034 1999 1217 2064 unmeribus
1232 1998 1369 2064 remedia
1383 1996 1544 2063 salutaria.

449 2100 630 2182 Numquam
660 2102 809 2182 denique,
846 2102 960 2168 fratres
985 2102 1205 2180 dilectissimi,
1240 2104 1412 2169 admonitio
1438 2104 1577 2170 dininal

407 2205 542 2269 cessauit
567 2205 599 2269 et
624 2205 724 2268 tacuit
748 2205 914 2286 quominus
935 2204 968 2268 in
990 2205 1155 2288 scripturis
1170 2207 1288 2271 sanctis
1303 2208 1371 2270 tam
1388 2204 1546 2270 ueteribus

407 2325 501 2388 quam
516 2307 606 2371 nouis
621 2324 743 2388 semper
757 2308 790 2370 et
805 2306 920 2389 ubique
935 2306 975 2371 ad
990 2307 1224 2372 misericordiae
1238 2325 1331 2389 opera
1342 2306 1401 2372 Dei
1412 2306 1547 2388 populus

406 2414 628 2492 prouocaretur
642 2411 674 2475 et
688 2410 816 2474 canente
831 2408 933 2491 adque
948 2409 1129 2476 exhortante
1145 2408 1264 2491 Spiritu
1287 2411 1394 2475 sancto
1415 2408 1547 2491 quisque

372 2512 447 2579 aad
470 2529 557 2594 spem
580 2511 667 2595 regni
690 2511 832 2577 caelestis
854 2511 1024 2577 instruitur
1037 2513 1137 2577 facere
1152 2511 1363 2594 eleemosynas
1376 2509 1546 2576 iuberetur.

408 2612 536 2677 mandat
551 2615 584 2679 et
598 2613 751 2696 praecipit
764 2613 877 2678 Esaiae
891 2614 997 2680 Deus:
1015 2613 1208 2690 exclama,
1230 2612 1351 2696 inquit,
1373 2612 1414 2676 in
1437 2610 1551 2677 forti·

409 2715 550 2781 tudine
582 2717 623 2780 et
656 2715 745 2781 noli
777 2734 947 2799 parcere.
982 2715 1091 2782 sicut
1122 2716 1217 2781 tuba
1252 2714 1382 2781 exalte
1414 2730 1551 2779 uocem

512 2902 529 2956 'l
547 2901 625 2957 Pron.
638 2903 681 2970 20,
696 2905 721 2958 9.
774 2905 792 2958 9
809 2902 823 2957 l
840 2905 881 2959 Io.
895 2906 918 2969 l,
932 2903 957 2958 8.
1011 2904 1046 2957 21
1064 2903 1163 2967 mse,
1178 2904 1202 2958 1.

463 3056 479 3110 1
498 3055 670 3110 dilectissimi
688 3056 740 3112 SG
757 3064 784 3113 et
800 3057 952 3127 Aequalis.
970 3059 988 3114 1.
1007 3074 1028 3112 c.
1048 3058 1101 3122 IV,
1121 3062 1169 3122 10,
1187 3059 1249 3121 22,
1267 3056 1403 3112 eamssimi
1414 3055 1500 3111 FWo

409 3142 428 3197 2
445 3157 542 3196 munna
554 3141 661 3197 mlnbrs
673 3160 692 3198 u
754 3143 792 3213 et]
805 3145 837 3197 ut
846 3161 865 3199 v
876 3144 1045 3214 Areqrestiai,
1064 3159 1114 3199 erra
1129 3142 1170 3208 G,
1187 3144 1216 3197 ct
1227 3143 1292 3210 qnia
1302 3141 1341 3209 ὃς
1352 3156 1449 3195 munus
1460 3155 1553 3194 emun-

411 3228 653 3283 dandis-nostris
665 3231 694 3284 ct
704 3230 752 3299 qni
768 3230 840 3285 coni
857 3229 964 3285 Valles
1057 3227 1252 3284 cmundanisS
1328 3227 1347 3280 4
1365 3226 1421 3295 nec]
1433 3242 1467 3281 ue
1479 3226 1554 3282 Wct

411 3313 532 3383 Adparet.
545 3322 646 3370 contra
658 3315 764 3370 Iuliae.
777 3315 837 3370 Per.
849 3316 930 3370 1125
982 3317 1021 3371 sic
1032 3332 1082 3371 oue
1097 3317 1135 3371 W
1190 3313 1208 3368 5
1226 3316 1308 3382 atque
1319 3312 1354 3366 de
1365 3311 1483 3380 Adparet.
1498 3311 1516 3365 l
1529 3326 1553 3366 c.

412 3405 512 3455 couno
523 3400 551 3455 d.
563 3402 642 3470 epist.
656 3401 714 3456 Pel.
776 3401 893 3471 pectore]
906 3401 1014 3457 sordeo
1074 3402 1093 3457 8
1110 3400 1240 3457 mundum
1252 3400 1293 3469 se]
1305 3397 1421 3454 mundns
1432 3396 1502 3452 Ν

412 3485 430 3538 9
446 3484 577 3539 iohannes
589 3486 618 3539 in
630 3486 745 3556 epistola
757 3502 807 3542 aaa
818 3486 889 3541 dicit
901 3487 926 3539 si
943 3485 970 3540 θ
1023 3487 1154 3556 qnoniam
1166 3486 1198 3542 F
1247 3485 1282 3539 10
1299 3484 1451 3552 decepimus
1463 3482 1502 3537 W

413 3570 446 3624 11
465 3573 573 3626 nonest
585 3571 765 3627 ssereret
781 3572 917 3643 Aequent,
934 3586 988 3627 non
1003 3575 1054 3626 cst
1068 3571 1093 3626 si
1110 3574 1202 3627 autem
1221 3569 1336 3625 confessi
1348 3568 1480 3622 fuerimus
1491 3581 1552 3636 pec·

413 3660 475 3712 eata
486 3660 592 3722 nostre,
610 3657 699 3714 tidelis
711 3660 740 3712 et
751 3657 840 3712 iustus
852 3661 895 3713 ast
906 3657 1045 3722 dominns,
1064 3658 1113 3726 qui
1130 3658 1209 3712 nobis
1221 3660 1332 3726 peccata
1344 3652 1472 3709 dimittat
1482 3669 1501 3707 v

412 3744 448 3799 12
465 3744 618 3812 qnisqniso
697 3745 734 3814 se]
748 3746 823 3799 cate
839 3745 959 3807 WM,
977 3759 1059 3799 orac
1136 3739 1555 3812 pestqnisqnesadeeettetom

412 3829 513 3897 felium
524 3831 558 3884 ia
569 3830 601 3885 F
643 3846 672 3884 ae
683 3846 741 3884 esec
753 3829 855 3885 dixerit
865 3845 890 3893 a,
902 3844 959 3883 esse
971 3828 1071 3883 dixerit
1077 3829 1196 3900 aequest
1210 3828 1228 3883 t
1239 3844 1261 3884 e.
1275 3832 1377 3882 contra
1389 3824 1444 3880 Iul.
1460 3824 1494 3878 Ρ.

414 3915 518 3971 stultns
529 3917 573 3970 eet
583 3916 633 3969 aut
643 3914 772 3984 superbus
789 3914 815 3970 (ι’
873 3913 908 3969 13
925 3928 1007 3983 quarn
1019 3912 1182 3969 necessaria.
1192 3952 1200 3967 .
1210 3927 1293 3982 ‚queo
1304 3928 1355 3967 oea
1368 3928 1387 3966 u
1397 3909 1556 3981 Aequotiei

414 4000 467 4057 lc.
477 4007 578 4057 contre
589 4000 662 4056 duas
673 4003 751 4070 epist.
767 4001 826 4058 Pel.
875 4001 909 4055 1o
921 3999 1009 4055 denuo
1021 3999 1148 4055 curandis
1158 3999 1185 4055 G
1231 4000 1264 4053 11
1278 3999 1316 4069 et]
1329 4011 1505 4065 numquemc

414 4088 472 4140 tarn
485 4102 511 4142 a
524 4103 550 4156 q.
564 4086 642 4141 nonis
654 4102 704 4141 cau
718 4088 766 4153 W;
784 4087 964 4154 erip.188,6
1036 4085 1071 4140 18
1088 4087 1126 4155 ct]
1138 4083 1213 4140 utG
1264 4084 1298 4137 19
1315 4080 1484 4150 exhortante]
1496 4094 1560 4150 pro·

416 4174 529 4226 nocente
545 4170 572 4226 0
622 4172 776 4242 quinquies
827 4170 864 4226 20
879 4170 1007 4226 iubeatur
1017 4169 1056 4236 G,
1075 4171 1213 4226 iubeturu
1264 4169 1299 4224 21
1311 4165 1450 4238 praecepit
1466 4165 1507 4221 0¹

416 4257 482 4312 dens
493 4258 580 4312 eseiae
591 4258 721 4314 dicensS
767 4259 803 4312 22
821 4257 901 4311 turba
917 4256 956 4312 G·
