4009 5034
598 1222 678 1319 iit
718 1221 1042 1320 doninica
1084 1219 1421 1320 onniioiin.

481 1490 687 1615 ilungaros
711 1532 892 1614 praecepta,
916 1511 1030 1596 iiiii-es
1050 1529 1269 1607 dilectissimi,
1291 1529 1372 1594 nihil
1399 1533 1474 1594 suni
1499 1527 1613 1593 niuei

438 1654 534 1717 onam
553 1632 738 1718 magisteria
762 1633 885 1711 diuina,
908 1632 1112 1697 fundamenta
1138 1631 1347 1697 aedificandae
1372 1632 1457 1713 spei,
1480 1630 1585 1695 finna-

438 1739 547 1802 menta
561 1734 809 1801 corroborandae
824 1735 913 1811 fidoi,
935 1736 1131 1800 nutrimenta
1146 1733 1273 1799 fouendi
1289 1733 1409 1808 cordis,
1431 1732 1586 1816 gnberna-

418 1839 512 1904 scnln
523 1837 680 1923 dirigendi
692 1837 825 1914 itineris,
841 1836 997 1920 pracsidio
1008 1835 1193 1918 obtinendae
1208 1835 1332 1912 salutis,
1349 1852 1427 1917 qnae
1442 1835 1518 1898 dum
1531 1833 1586 1899 do·

441 1942 551 2007 cibiles
573 1940 769 2006 credentium
785 1940 904 2006 mentes
919 1939 951 2003 in
967 1938 1060 2004 torris
1074 1938 1251 2016 instruunt,
1274 1937 1315 2002 cd
1330 1935 1479 2002 caelestia
1491 1954 1588 2019 regna

441 2043 623 2125 perducunt.
647 2042 751 2106 malta
773 2043 806 2105 et
827 2059 882 2124 por
903 2039 1069 2123 prophetas
1092 2057 1197 2105 seruos
1218 2056 1292 2103 snos
1307 2039 1369 2103 dici
1386 2039 1470 2104 Dens
1485 2037 1587 2102 uoluit

442 2146 474 2208 ot
488 2144 607 2208 audiri:
631 2144 686 2208 sed
701 2143 817 2226 quanto
832 2144 950 2208 maiora
964 2144 1041 2208 sunt
1055 2161 1135 2224 quac
1150 2142 1236 2207 filins
1251 2141 1409 2223 loquitur,
1437 2159 1516 2223 quac
1526 2141 1589 2225 Dei

442 2262 543 2311 sermo
565 2245 620 2327 qni
642 2245 676 2310 in
697 2243 858 2328 prophetis
881 2244 943 2310 fnit
957 2245 1084 2328 propria
1098 2261 1175 2310 uoco
1192 2246 1327 2309 testatur·
1342 2261 1403 2308 non
1418 2244 1482 2308 ianr
1498 2262 1587 2307 man·

399 2367 423 2404 ro
442 2347 518 2412 dans
545 2348 581 2411 ut
602 2349 730 2428 paretur·
744 2346 881 2412 uenienti
895 2348 949 2411 nia
964 2347 1019 2411 sod
1034 2347 1102 2428 ipsa
1116 2346 1244 2411 ueniens
1260 2349 1293 2411 et
1307 2346 1395 2411 niam
1409 2345 1498 2410 nobis
1513 2364 1587 2428 apo·

442 2449 525 2513 riens
546 2450 579 2514 et
601 2448 783 2526 ostendens,
806 2450 843 2512 nt
864 2449 918 2531 qui
940 2448 973 2513 in
996 2448 1134 2513 tenebris
1149 2448 1261 2512 mortis
1276 2449 1414 2512 errantes
1430 2448 1586 2529 inprouidi

443 2553 475 2613 ct
489 2549 574 2615 coeci
590 2549 677 2632 prius
696 2549 816 2615 suimus
838 2550 908 2616 lnce
933 2551 1054 2635 gratiae
1079 2550 1228 2615 luminati
1254 2549 1316 2615 iter
1344 2550 1427 2614 uitae
1453 2548 1531 2614 duce
1557 2551 1590 2614 et

349 2667 357 2681 ‘
376 2665 380 2674 ·
442 2653 560 2717 rectore
574 2652 709 2718 Domino
725 2655 909 2718 teneremus.

486 2751 548 2832 Qui
570 2754 652 2820 inter
666 2756 770 2820 cetera
789 2755 942 2821 mutans
956 2774 1015 2821 sna
1029 2756 1151 2821 monita
1166 2758 1199 2822 et
1213 2758 1380 2838 praccepta
1394 2755 1503 2819 diuina
1518 2755 1618 2836 qui-2

407 2855 501 2921 ribus
525 2857 640 2938 populo
666 2875 722 2922 suo
748 2858 882 2923 consulit
908 2858 948 2923 ad
975 2858 1112 2924 salntem
1138 2859 1236 2925 etiam
1251 2857 1360 2923 orandi
1374 2858 1442 2940 ipsc
1456 2857 1589 2923 formam

442 2956 540 3034 dedit,
568 2957 635 3040 ipse
649 2961 726 3040 quid
740 2978 938 3043 precaremur
951 2962 1077 3026 monuit
1091 2963 1124 3025 et
1139 2961 1300 3026 instruxit.
1324 2959 1379 3042 qai
1394 2960 1470 3026 fecit
1484 2961 1591 3025 niune

443 3058 550 3127 docuit
564 3062 597 3125 ot
612 3078 710 3141 oraro,
735 3061 930 3148 benignitate
951 3081 987 3129 oa
1008 3062 1130 3130 scilicet
1140 3081 1203 3146 qua
1217 3065 1250 3128 ct
1265 3062 1368 3128 cetera
1383 3062 1456 3127 dare
1471 3063 1502 3126 ot
1517 3081 1590 3128 con-

442 3162 522 3228 ferre
544 3166 694 3249 dignatus
715 3167 780 3245 ost,
804 3168 842 3231 nt
856 3165 933 3230 dum
947 3184 1039 3250 proco
1054 3168 1086 3232 et
1100 3167 1238 3232 oratione
1254 3185 1350 3247 qnam
1377 3165 1462 3231 tilius
1486 3165 1592 3231 docuit

443 3269 519 3348 aput
542 3270 663 3351 patrem
686 3270 859 3352 loquimar,
891 3270 1016 3337 facilius
1039 3271 1216 3337 audiamur.
1245 3272 1311 3336 iam
1326 3271 1521 3353 praedixerat
1534 3269 1592 3334 ho·

408 3386 434 3427 ro
444 3386 511 3432 ram
528 3370 652 3448 uenire,
676 3374 800 3453 quando
816 3373 883 3438 neri
899 3373 1078 3438 adoratores
1093 3373 1260 3438 adorarent
1275 3374 1397 3455 patrem
1419 3374 1452 3437 in
1474 3373 1589 3456 spiritu

444 3473 478 3534 ct
500 3471 651 3551 ueritate,
674 3477 708 3539 et
730 3474 865 3556 inplcuit
885 3475 968 3557 qnod
990 3477 1065 3540 ante
1087 3475 1251 3557 promisit,
1276 3474 1381 3555 utqui
1397 3473 1545 3555 spiritum
1561 3474 1594 3537 ct

446 3573 612 3639 ueritatem
635 3576 674 3639 de
695 3576 763 3641 eins
778 3578 1025 3644 sanctificatione
1047 3578 1242 3661 percepimus
1265 3576 1304 3641 de
1331 3576 1498 3642 traditione
1516 3593 1593 3658 qno·

497 3810 611 3867 lncirrr
624 3828 661 3867 on
674 3828 815 3869 noninics
830 3829 974 3870 carrione:
988 3817 1163 3881 W‚iiic1rir
1177 3832 1263 3872 cinno
1274 3803 1317 3870 cci
1335 3830 1473 3870 creciaci
1492 3802 1538 3870 eri
1557 3832 1594 3870 oc

446 3910 592 3952 orrenrorin
610 3914 755 3954 noninicn
770 3899 811 3968 0,·
830 3903 1011 3972 ducentiens
1028 3903 1064 3957 dc
1081 3903 1156 3958 dono
1171 3920 1281 3972 perseia.
1300 3919 1323 3958 c.
1336 3907 1361 3968 3,
1375 3906 1408 3955 4.·
1427 3902 1524 3971 legite.
1536 3941 1541 3952 .
1553 3903 1594 3956 .in

446 3980 1170 4055 bectiCyprianimartyrislibro...cninccsttitnlns
1182 3989 1220 4044 dc
1238 3988 1411 4043 dominica
1429 3987 1594 4043 oratione„

445 4067 662 4125 tniiudsnnto
725 4071 890 4127 indocibiles
906 4073 938 4137 θ,
951 4073 1051 4129 dociles
1064 4075 1119 4131 Wn
1192 4076 1257 4130 tin
1269 4075 1350 4129 torris
1365 4075 1436 4130 We.
1446 4075 1463 4129 1.
1475 4078 1543 4130 on2

446 4151 540 4206 ddcns
549 4154 595 4219 W,
605 4154 676 4209 deso
689 4155 716 4210 G
766 4158 1067 4214 8mntmueldcduciuc
1119 4160 1254 4229 qnamdci
1267 4159 1434 4229 exquaedei
1448 4159 1545 4214 Gont

448 4238 644 4295 tractarenon.
661 4240 699 4296 θ’
752 4243 786 4298 15
798 4244 963 4301 conspicito
1015 4245 1099 4300 etiarn
1112 4245 1283 4314 Wintnc2
1333 4245 1367 4299 21
1380 4246 1596 4314 spirituctacri·

447 4325 556 4380 tath
606 4327 642 4381 22
659 4315 878 4386 „aedicationem
893 4333 932 4400 (t,
951 4331 1140 4388 satisfactione
1157 4333 1246 4389 Onon.
