4009 5034
735 381 781 436 De
798 378 883 435 bono
900 380 1100 450 patientiae
1117 397 1139 435 c
1157 382 1235 437 2—4.
1488 384 1553 450 399

414 556 487 604 mur
508 536 696 620 patientiam
719 534 838 601 domini
863 534 981 618 pariter
1008 538 1041 601 et
1066 535 1183 618 patris,
1206 535 1281 619 quia
1302 538 1335 601 et
1357 553 1462 601 seruos
1485 553 1553 602 esse

414 642 537 724 oportet
550 642 754 725 obsequentes
769 641 802 706 et
815 638 897 705 lilios
910 657 973 704 nou
986 641 1077 705 decet
1092 658 1159 705 esse
1173 641 1350 728 degeneres

457 741 567 822 Qualis
588 761 662 809 uero
682 743 716 808 in
730 743 797 809 Deo
811 743 844 806 et
858 744 976 824 quanta
990 743 1159 825 patientia,
1182 743 1263 827 quod
1278 744 1311 808 in
1327 742 1582 808 contumeliamt

414 866 489 912 suae
503 846 680 913 maiestatis
694 846 727 910 et
740 844 865 910 honoris
881 845 1031 911 instituta
1045 845 1085 910 ab
1100 845 1279 912 hominibus
1293 845 1422 929 profana
1433 845 1554 929 templa

381 950 447 1013 ret
473 950 596 1014 terrena
618 947 770 1032 figmenta
795 946 827 1012 et
849 965 938 1012 saera
962 947 1116 1031 sacrilega
1141 948 1370 1029 patientissime
1395 947 1554 1014 sustinens

414 1067 507 1132 super
519 1050 616 1116 bonos
630 1051 663 1114 et
677 1049 778 1115 malos
792 1050 966 1131 aequaliter
980 1050 1059 1116 facit
1073 1050 1160 1114 diem
1183 1050 1268 1116 nasci
1292 1052 1325 1115 et
1347 1050 1455 1114 lumen
1477 1049 1554 1114 solis

415 1153 538 1231 oboriri,
554 1154 587 1218 et
602 1173 674 1219 cum
689 1151 846 1217 imbribus
860 1154 961 1217 terras
975 1152 1076 1237 rigat,
1093 1170 1184 1218 nemo
1199 1171 1218 1218 a
1232 1151 1390 1218 benefieiis
1412 1152 1480 1218 eius
1501 1170 1555 1216 ex·

415 1255 555 1323 eluditur
576 1256 743 1338 quominus
765 1254 859 1320 iustis
874 1255 1025 1321 similiter
1039 1258 1072 1321 et
1086 1255 1214 1321 iniustis
1229 1255 1413 1321 indiscretas
1427 1254 1554 1337 pluuias

414 1360 579 1443 largiatur.
602 1358 746 1423 uidemus
761 1357 963 1439 inseparabili
978 1358 1170 1440 aequalitate
1184 1359 1356 1443 pationtiae
1370 1357 1554 1424 nocentibus

381 1463 447 1524 rost
461 1460 610 1539 innoxiis,
626 1460 782 1545 religiosis
798 1461 830 1524 et
844 1459 969 1543 impiis,
984 1460 1104 1543 gratias
1118 1460 1285 1544 agentibus
1300 1463 1333 1526 et
1349 1460 1484 1545 ingratis
1494 1461 1553 1526 Dei

414 1564 493 1629 nutu
508 1566 651 1646 tempora
665 1562 810 1645 obsequi,
826 1563 981 1628 elementa
995 1561 1160 1642 famulari,
1176 1563 1295 1647 spirare
1309 1565 1435 1641 uentos,
1451 1562 1555 1629 fontes

414 1665 527 1741 fluere,
543 1664 745 1748 grandescere
760 1664 865 1746 copias
878 1664 1044 1740 messium,
1066 1663 1189 1729 fructus
1204 1665 1365 1730 mitescere
1379 1665 1553 1743 uinearum,

415 1765 580 1832 exuberare
593 1766 696 1849 pomis
711 1764 857 1844 arbusta,
880 1783 1007 1831 nemora
1028 1763 1241 1846 frondescere,
1263 1768 1357 1850 prata
1377 1765 1495 1832 llorere.
1520 1768 1554 1832 et

416 1887 488 1933 eum
512 1869 628 1934 crebris
654 1869 752 1933 immo
768 1867 924 1933 continuis
939 1867 1141 1933 exacerbetur
1154 1870 1280 1935 offensis
1294 1869 1397 1947 Deus,
1412 1869 1555 1952 indigna·

383 1994 408 2034 n
417 1970 534 2035 tionem
549 1990 639 2036 suam
654 1971 810 2052 temperat
824 1971 857 2034 at
871 1969 1096 2052 praestitutum
1111 1972 1208 2037 semel
1231 1971 1448 2038 retributionis
1471 1971 1554 2038 diem

416 2074 573 2155 patienter
586 2074 738 2156 expectat,
761 2089 895 2153 eumque
909 2071 1025 2136 habeat
1039 2072 1072 2137 in
1094 2075 1252 2155 potestate
1273 2075 1462 2151 uindictam,
1486 2093 1554 2139 ma·

416 2176 488 2240 uult
502 2175 557 2239 diu
572 2178 676 2241 tenere
691 2174 878 2255 patientiam
898 2172 1055 2239 sustinens
1077 2174 1199 2241 scilicet
1220 2177 1388 2242 elementer
1410 2179 1443 2242 et
1464 2175 1556 2241 uire-

416 2295 502 2355 rens,
525 2280 562 2342 ut
576 2277 603 2342 si
618 2276 686 2341 fieri
700 2278 805 2359 potest
821 2278 959 2343 multum
975 2277 1100 2344 malitia
1120 2281 1281 2359 protracta
1302 2277 1468 2361 aliquando
1483 2298 1555 2343 mu·

416 2381 501 2444 tetur
515 2379 548 2443 et
561 2378 655 2443 bomo
669 2378 703 2443 in
716 2395 856 2443 errorum
872 2381 905 2445 et
918 2381 1072 2446 scelerum
1088 2381 1233 2465 contagio
1245 2381 1406 2447 uolutatus
1420 2380 1473 2445 uel
1487 2398 1555 2446 sero

381 2482 456 2547 aad
470 2480 575 2546 Deum
590 2483 790 2547 concertatur
812 2482 880 2562 ipso
902 2485 1048 2549 monente
1070 2484 1102 2548 et
1116 2482 1255 2549 dicente:
1279 2484 1367 2550 uolo
1389 2486 1554 2550 mortem

415 2583 640 2660 morientis,
670 2586 858 2665 quantum
887 2587 931 2649 ut
959 2586 1187 2651 reuertatur
1207 2587 1246 2651 et
1276 2586 1396 2650 uiuat.
1436 2582 1556 2671 [etite-

415 2704 502 2751 rum:
537 2685 791 2751 reuertimini
820 2685 866 2750 ad
889 2705 961 2766 me,
993 2688 1095 2754 uicit
1125 2685 1336 2774 Dominus]
1375 2688 1555 2753 etiterum:

415 2788 676 2854 reuertimini
699 2788 745 2853 ad
766 2788 974 2854 Dominum
997 2790 1117 2856 Deum
1140 2793 1333 2869 uestrum,
1370 2791 1556 2872 quoniam

414 2889 644 2955 misericors
665 2891 704 2954 et
725 2890 814 2971 pius
836 2893 897 2956 est
918 2893 956 2956 et
977 2893 1136 2974 patiens
1163 2896 1202 2957 et
1229 2893 1376 2958 multae
1398 2893 1555 2958 misera·

381 2992 539 3057 aetionis
561 2994 601 3058 et
622 2992 691 3076 qui
712 2993 959 3060 seutentiam
981 2996 1126 3061 flectat
1156 2997 1347 3062 aduersus
1375 2994 1556 3061 malitias

415 3097 499 3161 inre
508 3098 631 3180 gatae.
648 3095 731 3178 quod
745 3095 856 3161 beatus
871 3097 1031 3180 apostolus
1044 3098 1162 3163 Paulus
1177 3115 1423 3164 commemorans
1438 3099 1470 3163 et
1484 3116 1556 3180 pec·

415 3201 553 3264 catorem
568 3198 609 3264 ad
623 3197 850 3279 paenitentiam
864 3217 1013 3266 reuocans
1034 3201 1181 3284 proponit
1202 3203 1236 3267 et
1256 3201 1352 3267 dicit:
1382 3220 1430 3266 an
1452 3220 1555 3266 uum·

414 3299 508 3381 quid
538 3300 785 3381 opulentiam
809 3301 1008 3368 bonitatis
1038 3305 1120 3369 eius
1149 3305 1189 3369 et
1211 3304 1494 3371 sustinentiam
1517 3310 1557 3372 st

518 3483 660 3539 abucah.
674 3485 770 3549 18,32.
823 3487 935 3542 arnas
949 3490 973 3553 3,
987 3489 1011 3542 7.
1065 3490 1261 3554 saloriam.
1314 3492 1348 3545 ‘ll
1362 3490 1554 3561 Rom2,4sq.

464 3656 705 3725 2oportetesseo
756 3657 933 3728 lpmpbana
946 3660 1016 3716 We
1068 3661 1103 3715 10
1113 3662 1274 3718 reliosisW
1323 3662 1555 3732 fflgrandescere]

413 3742 571 3797 candescere
583 3743 734 3798 Morantur
821 3743 972 3816 mitescere]
991 3749 1201 3804 maturesceret
1287 3749 1322 3803 13
1339 3748 1437 3803 arbuta
1449 3748 1499 3803 W·

413 3828 448 3882 19
459 3829 585 3898 contagio
597 3828 710 3893 WOV,
728 3829 919 3899 contagiones
982 3832 1017 3886 21
1036 3838 1167 3901 quantum
1180 3834 1223 3903 nt]
1236 3837 1344 3888 tantam
1362 3834 1403 3887 W
1464 3834 1556 3887 etite-

412 3930 503 3969 rum..
526 3912 714 3969 dominusera
730 3914 825 3969 WOV
903 3917 938 3971 24
956 3921 986 3972 et
996 3918 1059 3988 pius
1073 3921 1115 3973 cst
1126 3936 1176 3975 orn.
1193 3920 1220 3975 G
1299 3919 1504 3990 patiensestO

412 4000 448 4053 25
459 3999 584 4054 malitias
596 4001 736 4069 inrogatur
746 4001 821 4069 WV,
834 4002 972 4057 maliciam
984 4004 1138 4073 inrogatam
1150 4005 1207 4073 Ge;
1222 4007 1260 4073 es.
1269 4006 1305 4060 rie
1313 4007 1400 4074 lapsis
1407 4023 1438 4074 p.
1447 4010 1505 4060 263

412 4083 896 4154 26qnoditemc,quodetora1im
980 4089 1141 4158 paulusora
1161 4090 1188 4145 G
1275 4094 1442 4160 peccatorum
1460 4090 1498 4144 G·

412 4170 447 4227 2¹1
465 4170 674 4243 paenitentiam]
687 4172 850 4242 patientiam
868 4175 903 4228 W
969 4174 1111 4247 numquid]
1124 4175 1244 4244 inquito
1311 4176 1347 4231 28
1365 4177 1556 4232 sustinentiam

414 4263 443 4313 et
459 4257 622 4327 patientiam
639 4258 708 4327 (eius
725 4259 791 4315 aad.
809 4260 847 4329 V)
862 4260 974 4327 WGV,
992 4262 1172 4317 sustinentiae
1183 4267 1213 4318 ct
1224 4265 1443 4334 longanimitatis
1456 4266 1501 4318 ael
1512 4282 1556 4319 sur·

414 4344 560 4399 stantionis
572 4347 601 4400 et
613 4343 833 4415 longanimitatis
844 4363 878 4414 υς
897 4349 934 4413 es.
948 4352 1008 4402 teat.
1023 4347 1080 4403 111
1088 4352 1125 4403 35
