<?xml version="1.0" encoding="UTF-8"?>
<!DOCTYPE html PUBLIC "-//W3C//DTD XHTML 1.0 Transitional//EN"
    "http://www.w3.org/TR/xhtml1/DTD/xhtml1-transitional.dtd">
<html xmlns="http://www.w3.org/1999/xhtml" xml:lang="en" lang="en">
 <head>
  <title>
</title>
<meta http-equiv="Content-Type" content="text/html;charset=utf-8" />
  <meta name='ocr-system' content='tesseract 3.04.00' />
  <meta name='ocr-capabilities' content='ocr_page ocr_carea ocr_par ocr_line ocrx_word'/>
</head>
<body>
  <div class='ocr_page' id='page_1' title='image "./sthascicaecilic00hartgoog_0404.png"; bbox 0 0 4009 5034; ppageno 0'>
   <div class='ocr_carea' id='block_1_1' title="bbox 378 367 1443 443">
    <p class='ocr_par' dir='ltr' id='par_1_1' title="bbox 378 367 1443 443">
     <span class='ocr_line' id='line_1_1' title="bbox 378 367 1443 443; baseline -0.01 -12"><span class='ocrx_word' id='word_1_1' title='bbox 378 377 442 439; x_wconf 67' lang='lat'>,²394</span> <span class='ocrx_word' id='word_1_2' title='bbox 476 375 625 429; x_wconf 79' lang='lat' dir='ltr'>Caecilii</span> <span class='ocrx_word' id='word_1_3' title='bbox 643 372 807 443; x_wconf 79' lang='lat' dir='ltr'>Cypriani</span> <span class='ocrx_word' id='word_1_4' title='bbox 825 370 863 426; x_wconf 88' lang='lat' dir='ltr'>de</span> <span class='ocrx_word' id='word_1_5' title='bbox 879 385 976 440; x_wconf 87' lang='lat' dir='ltr'>opere</span> <span class='ocrx_word' id='word_1_6' title='bbox 994 372 1028 423; x_wconf 79' lang='lat' dir='ltr'>et</span> <span class='ocrx_word' id='word_1_7' title='bbox 1045 368 1272 439; x_wconf 80' lang='lat' dir='ltr'>eleemosynis</span> <span class='ocrx_word' id='word_1_8' title='bbox 1289 384 1311 421; x_wconf 82' lang='lat' dir='ltr'>c</span> <span class='ocrx_word' id='word_1_9' title='bbox 1329 367 1443 423; x_wconf 67' lang='lat' dir='ltr'>‘lb-26.</span> 
     </span>
    </p>
   </div>
   <div class='ocr_carea' id='block_1_2' title="bbox 323 523 1545 3472">
    <p class='ocr_par' dir='ltr' id='par_1_2' title="bbox 376 523 1511 697">
     <span class='ocr_line' id='line_1_2' title="bbox 376 523 1511 613; baseline -0.005 -19"><span class='ocrx_word' id='word_1_10' title='bbox 376 529 451 595; x_wconf 88' lang='lat' dir='ltr'>dum</span> <span class='ocrx_word' id='word_1_11' title='bbox 466 527 688 613; x_wconf 75' lang='lat' dir='ltr'>largitionibus</span> <span class='ocrx_word' id='word_1_12' title='bbox 710 525 859 613; x_wconf 77' lang='lat' dir='ltr'>gratuitis</span> <span class='ocrx_word' id='word_1_13' title='bbox 874 524 1050 591; x_wconf 90' lang='lat' dir='ltr'>communis</span> <span class='ocrx_word' id='word_1_14' title='bbox 1072 541 1109 589; x_wconf 90' lang='lat' dir='ltr'>ac</span> <span class='ocrx_word' id='word_1_15' title='bbox 1129 523 1232 588; x_wconf 87' lang='lat' dir='ltr'>iustus</span> <span class='ocrx_word' id='word_1_16' title='bbox 1247 526 1311 602; x_wconf 89' lang='lat' dir='ltr'>est,</span> <span class='ocrx_word' id='word_1_17' title='bbox 1335 523 1393 590; x_wconf 86' lang='lat' dir='ltr'>Dei</span> <span class='ocrx_word' id='word_1_18' title='bbox 1409 523 1511 607; x_wconf 86' lang='lat' dir='ltr'>patris</span> 
     </span>
     <span class='ocr_line' id='line_1_3' title="bbox 376 632 589 697; baseline 0 -2"><span class='ocrx_word' id='word_1_19' title='bbox 376 632 517 696; x_wconf 90' lang='lat' dir='ltr'>imitator</span> <span class='ocrx_word' id='word_1_20' title='bbox 532 634 589 697; x_wconf 88' lang='lat' dir='ltr'>est.</span> 
     </span>
    </p>

    <p class='ocr_par' dir='ltr' id='par_1_3' title="bbox 323 730 1545 3472">
     <span class='ocr_line' id='line_1_4' title="bbox 323 730 1510 816; baseline 0.003 -24"><span class='ocrx_word' id='word_1_21' title='bbox 323 730 365 793; x_wconf 69' lang='lat'>2⁸</span> <span class='ocrx_word' id='word_1_22' title='bbox 419 731 506 810; x_wconf 84' lang='lat' dir='ltr'>Quae</span> <span class='ocrx_word' id='word_1_23' title='bbox 529 733 586 798; x_wconf 88' lang='lat' dir='ltr'>illa</span> <span class='ocrx_word' id='word_1_24' title='bbox 613 733 689 809; x_wconf 89' lang='lat' dir='ltr'>crit,</span> <span class='ocrx_word' id='word_1_25' title='bbox 712 733 824 798; x_wconf 87' lang='lat' dir='ltr'>iratres</span> <span class='ocrx_word' id='word_1_26' title='bbox 848 730 1020 806; x_wconf 77' lang='lat' dir='ltr'>carissimi,</span> <span class='ocrx_word' id='word_1_27' title='bbox 1042 731 1238 814; x_wconf 84' lang='lat' dir='ltr'>operantium</span> <span class='ocrx_word' id='word_1_28' title='bbox 1264 732 1383 816; x_wconf 80' lang='lat' dir='ltr'>gloria,</span> <span class='ocrx_word' id='word_1_29' title='bbox 1414 751 1510 814; x_wconf 88' lang='lat' dir='ltr'>quam</span> 
     </span>
     <span class='ocr_line' id='line_1_5' title="bbox 373 834 1510 921; baseline 0 -21"><span class='ocrx_word' id='word_1_30' title='bbox 373 836 502 921; x_wconf 84' lang='lat' dir='ltr'>grandis</span> <span class='ocrx_word' id='word_1_31' title='bbox 518 839 551 901; x_wconf 86' lang='lat' dir='ltr'>et</span> <span class='ocrx_word' id='word_1_32' title='bbox 565 854 689 901; x_wconf 89' lang='lat' dir='ltr'>summa</span> <span class='ocrx_word' id='word_1_33' title='bbox 704 834 843 911; x_wconf 90' lang='lat' dir='ltr'>laetitia,</span> <span class='ocrx_word' id='word_1_34' title='bbox 867 852 939 899; x_wconf 89' lang='lat' dir='ltr'>cum</span> <span class='ocrx_word' id='word_1_35' title='bbox 960 834 1112 917; x_wconf 89' lang='lat' dir='ltr'>populum</span> <span class='ocrx_word' id='word_1_36' title='bbox 1138 853 1231 899; x_wconf 90' lang='lat' dir='ltr'>suum</span> <span class='ocrx_word' id='word_1_37' title='bbox 1258 834 1414 901; x_wconf 85' lang='lat' dir='ltr'>Dominus</span> <span class='ocrx_word' id='word_1_38' title='bbox 1439 851 1510 900; x_wconf 88' lang='lat' dir='ltr'>coc·</span> 
     </span>
     <span class='ocr_line' id='line_1_6' title="bbox 374 936 1543 1021; baseline 0 -19"><span class='ocrx_word' id='word_1_39' title='bbox 374 939 455 1021; x_wconf 90' lang='lat' dir='ltr'>perit</span> <span class='ocrx_word' id='word_1_40' title='bbox 471 956 627 1004; x_wconf 91' lang='lat' dir='ltr'>recensere</span> <span class='ocrx_word' id='word_1_41' title='bbox 642 940 675 1003; x_wconf 91' lang='lat' dir='ltr'>et</span> <span class='ocrx_word' id='word_1_42' title='bbox 688 937 810 1003; x_wconf 88' lang='lat' dir='ltr'>meritis</span> <span class='ocrx_word' id='word_1_43' title='bbox 833 937 945 1019; x_wconf 87' lang='lat' dir='ltr'>adque·</span> <span class='ocrx_word' id='word_1_44' title='bbox 959 936 1105 1018; x_wconf 88' lang='lat' dir='ltr'>oporibus</span> <span class='ocrx_word' id='word_1_45' title='bbox 1129 937 1246 1002; x_wconf 87' lang='lat' dir='ltr'>nostris</span> <span class='ocrx_word' id='word_1_46' title='bbox 1272 937 1413 1020; x_wconf 87' lang='lat' dir='ltr'>praemia</span> <span class='ocrx_word' id='word_1_47' title='bbox 1437 949 1543 1019; x_wconf 81' lang='lat' dir='ltr'>pro-⁵</span> 
     </span>
     <span class='ocr_line' id='line_1_7' title="bbox 374 1038 1510 1125; baseline -0.003 -17"><span class='ocrx_word' id='word_1_48' title='bbox 374 1043 471 1108; x_wconf 89' lang='lat' dir='ltr'>missa</span> <span class='ocrx_word' id='word_1_49' title='bbox 487 1042 685 1108; x_wconf 85' lang='lat' dir='ltr'>contribuens</span> <span class='ocrx_word' id='word_1_50' title='bbox 699 1060 755 1125; x_wconf 92' lang='lat' dir='ltr'>pro</span> <span class='ocrx_word' id='word_1_51' title='bbox 770 1041 900 1106; x_wconf 88' lang='lat' dir='ltr'>terrenis</span> <span class='ocrx_word' id='word_1_52' title='bbox 916 1038 1079 1117; x_wconf 89' lang='lat' dir='ltr'>caelestis,</span> <span class='ocrx_word' id='word_1_53' title='bbox 1101 1057 1158 1123; x_wconf 91' lang='lat' dir='ltr'>pro</span> <span class='ocrx_word' id='word_1_54' title='bbox 1180 1040 1406 1124; x_wconf 78' lang='lat' dir='ltr'>temporalibus</span> <span class='ocrx_word' id='word_1_55' title='bbox 1427 1058 1510 1105; x_wconf 90' lang='lat' dir='ltr'>sem·</span> 
     </span>
     <span class='ocr_line' id='line_1_8' title="bbox 375 1140 1509 1227; baseline -0.001 -18"><span class='ocrx_word' id='word_1_56' title='bbox 375 1144 512 1227; x_wconf 91' lang='lat' dir='ltr'>piterna,</span> <span class='ocrx_word' id='word_1_57' title='bbox 535 1160 590 1226; x_wconf 90' lang='lat' dir='ltr'>pro</span> <span class='ocrx_word' id='word_1_58' title='bbox 605 1142 736 1207; x_wconf 91' lang='lat' dir='ltr'>modicis</span> <span class='ocrx_word' id='word_1_59' title='bbox 751 1161 867 1227; x_wconf 81' lang='lat' dir='ltr'>magua</span> <span class='ocrx_word' id='word_1_60' title='bbox 880 1142 1058 1224; x_wconf 86' lang='lat' dir='ltr'>praestare,</span> <span class='ocrx_word' id='word_1_61' title='bbox 1080 1140 1202 1207; x_wconf 82' lang='lat' dir='ltr'>obferre</span> <span class='ocrx_word' id='word_1_62' title='bbox 1216 1162 1272 1208; x_wconf 91' lang='lat' dir='ltr'>nos</span> <span class='ocrx_word' id='word_1_63' title='bbox 1287 1142 1372 1225; x_wconf 87' lang='lat' dir='ltr'>patri</span> <span class='ocrx_word' id='word_1_64' title='bbox 1386 1143 1439 1208; x_wconf 92' lang='lat' dir='ltr'>cui</span> <span class='ocrx_word' id='word_1_65' title='bbox 1452 1160 1509 1208; x_wconf 89' lang='lat' dir='ltr'>nos</span> 
     </span>
     <span class='ocr_line' id='line_1_9' title="bbox 372 1243 1507 1321; baseline 0 -11"><span class='ocrx_word' id='word_1_66' title='bbox 372 1264 429 1311; x_wconf 91' lang='lat' dir='ltr'>sua</span> <span class='ocrx_word' id='word_1_67' title='bbox 442 1243 684 1311; x_wconf 84' lang='lat' dir='ltr'>sanctificatione</span> <span class='ocrx_word' id='word_1_68' title='bbox 699 1243 859 1321; x_wconf 81' lang='lat' dir='ltr'>restituit,</span> <span class='ocrx_word' id='word_1_69' title='bbox 883 1243 1102 1309; x_wconf 86' lang='lat' dir='ltr'>eetemitatem</span> <span class='ocrx_word' id='word_1_70' title='bbox 1116 1243 1206 1309; x_wconf 91' lang='lat' dir='ltr'>nobis</span> <span class='ocrx_word' id='word_1_71' title='bbox 1227 1243 1507 1310; x_wconf 87' lang='lat' dir='ltr'>inmortalitatem·</span> 
     </span>
     <span class='ocr_line' id='line_1_10' title="bbox 373 1345 1508 1430; baseline -0.001 -18"><span class='ocrx_word' id='word_1_72' title='bbox 373 1365 433 1429; x_wconf 88' lang='lat' dir='ltr'>que</span> <span class='ocrx_word' id='word_1_73' title='bbox 446 1346 556 1430; x_wconf 86' lang='lat' dir='ltr'>largiri</span> <span class='ocrx_word' id='word_1_74' title='bbox 571 1346 612 1412; x_wconf 90' lang='lat' dir='ltr'>ad</span> <span class='ocrx_word' id='word_1_75' title='bbox 626 1365 721 1428; x_wconf 89' lang='lat' dir='ltr'>quam</span> <span class='ocrx_word' id='word_1_76' title='bbox 735 1363 791 1411; x_wconf 91' lang='lat' dir='ltr'>nos</span> <span class='ocrx_word' id='word_1_77' title='bbox 805 1346 966 1429; x_wconf 80' lang='lat' dir='ltr'>sanguinis</span> <span class='ocrx_word' id='word_1_78' title='bbox 980 1345 1031 1410; x_wconf 89' lang='lat' dir='ltr'>sui</span> <span class='ocrx_word' id='word_1_79' title='bbox 1045 1345 1257 1410; x_wconf 84' lang='lat' dir='ltr'>nidificatione</span> <span class='ocrx_word' id='word_1_80' title='bbox 1272 1346 1441 1428; x_wconf 87' lang='lat' dir='ltr'>raparauit,</span> <span class='ocrx_word' id='word_1_81' title='bbox 1456 1367 1508 1412; x_wconf 90' lang='lat' dir='ltr'>re·</span> 
     </span>
     <span class='ocr_line' id='line_1_11' title="bbox 373 1447 1545 1533; baseline -0.006 -17"><span class='ocrx_word' id='word_1_82' title='bbox 373 1451 466 1516; x_wconf 88' lang='lat' dir='ltr'>duces</span> <span class='ocrx_word' id='word_1_83' title='bbox 480 1449 520 1514; x_wconf 85' lang='lat' dir='ltr'>ed</span> <span class='ocrx_word' id='word_1_84' title='bbox 534 1448 713 1531; x_wconf 86' lang='lat' dir='ltr'>paradisum</span> <span class='ocrx_word' id='word_1_85' title='bbox 733 1449 832 1513; x_wconf 91' lang='lat' dir='ltr'>denuo</span> <span class='ocrx_word' id='word_1_86' title='bbox 847 1447 964 1524; x_wconf 88' lang='lat' dir='ltr'>lacere,</span> <span class='ocrx_word' id='word_1_87' title='bbox 987 1465 1083 1533; x_wconf 80' lang='lat' dir='ltr'>regna</span> <span class='ocrx_word' id='word_1_88' title='bbox 1109 1447 1265 1513; x_wconf 89' lang='lat' dir='ltr'>caelorum</span> <span class='ocrx_word' id='word_1_89' title='bbox 1294 1449 1355 1513; x_wconf 85' lang='lat' dir='ltr'>lide</span> <span class='ocrx_word' id='word_1_90' title='bbox 1377 1451 1410 1513; x_wconf 86' lang='lat' dir='ltr'>et</span> <span class='ocrx_word' id='word_1_91' title='bbox 1426 1450 1545 1514; x_wconf 74' lang='lat' dir='ltr'>ueri-ro</span> 
     </span>
     <span class='ocr_line' id='line_1_12' title="bbox 373 1549 1508 1634; baseline -0.002 -17"><span class='ocrx_word' id='word_1_92' title='bbox 373 1554 440 1617; x_wconf 85' lang='lat' dir='ltr'>tate</span> <span class='ocrx_word' id='word_1_93' title='bbox 454 1569 528 1616; x_wconf 90' lang='lat' dir='ltr'>suae</span> <span class='ocrx_word' id='word_1_94' title='bbox 542 1550 781 1634; x_wconf 82' lang='lat' dir='ltr'>pollicitationis</span> <span class='ocrx_word' id='word_1_95' title='bbox 796 1550 924 1632; x_wconf 81' lang='lat' dir='ltr'>aperire.</span> <span class='ocrx_word' id='word_1_96' title='bbox 947 1550 1025 1615; x_wconf 89' lang='lat' dir='ltr'>haec</span> <span class='ocrx_word' id='word_1_97' title='bbox 1046 1549 1195 1615; x_wconf 86' lang='lat' dir='ltr'>haereant</span> <span class='ocrx_word' id='word_1_98' title='bbox 1209 1549 1344 1617; x_wconf 85' lang='lat' dir='ltr'>tirmiter</span> <span class='ocrx_word' id='word_1_99' title='bbox 1366 1552 1508 1617; x_wconf 86' lang='lat' dir='ltr'>sensibus</span> 
     </span>
     <span class='ocr_line' id='line_1_13' title="bbox 376 1651 1509 1737; baseline 0 -20"><span class='ocrx_word' id='word_1_100' title='bbox 376 1653 507 1729; x_wconf 88' lang='lat' dir='ltr'>nostris,</span> <span class='ocrx_word' id='word_1_101' title='bbox 530 1654 606 1719; x_wconf 90' lang='lat' dir='ltr'>haec</span> <span class='ocrx_word' id='word_1_102' title='bbox 631 1653 854 1737; x_wconf 82' lang='lat' dir='ltr'>intelleguntur</span> <span class='ocrx_word' id='word_1_103' title='bbox 879 1651 972 1733; x_wconf 89' lang='lat' dir='ltr'>plena</span> <span class='ocrx_word' id='word_1_104' title='bbox 992 1651 1070 1727; x_wconf 86' lang='lat' dir='ltr'>lide,</span> <span class='ocrx_word' id='word_1_105' title='bbox 1093 1651 1168 1715; x_wconf 87' lang='lat' dir='ltr'>haec</span> <span class='ocrx_word' id='word_1_106' title='bbox 1183 1651 1273 1716; x_wconf 86' lang='lat' dir='ltr'>corde</span> <span class='ocrx_word' id='word_1_107' title='bbox 1288 1652 1355 1717; x_wconf 89' lang='lat' dir='ltr'>toto</span> <span class='ocrx_word' id='word_1_108' title='bbox 1370 1651 1509 1736; x_wconf 87' lang='lat' dir='ltr'>diligan-</span> 
     </span>
     <span class='ocr_line' id='line_1_14' title="bbox 374 1753 1509 1838; baseline -0.004 -16"><span class='ocrx_word' id='word_1_109' title='bbox 374 1758 446 1832; x_wconf 85' lang='lat' dir='ltr'>tur,</span> <span class='ocrx_word' id='word_1_110' title='bbox 480 1757 555 1822; x_wconf 89' lang='lat' dir='ltr'>baec</span> <span class='ocrx_word' id='word_1_111' title='bbox 583 1756 827 1822; x_wconf 88' lang='lat' dir='ltr'>indesinentium</span> <span class='ocrx_word' id='word_1_112' title='bbox 856 1772 984 1837; x_wconf 89' lang='lat' dir='ltr'>operum</span> <span class='ocrx_word' id='word_1_113' title='bbox 1014 1753 1276 1838; x_wconf 82' lang='lat' dir='ltr'>magnanimitate</span> <span class='ocrx_word' id='word_1_114' title='bbox 1301 1755 1509 1820; x_wconf 87' lang='lat' dir='ltr'>redimantur.</span> 
     </span>
     <span class='ocr_line' id='line_1_15' title="bbox 374 1854 1509 1941; baseline -0.004 -18"><span class='ocrx_word' id='word_1_115' title='bbox 374 1859 590 1941; x_wconf 88' lang='lat' dir='ltr'>praeclareat</span> <span class='ocrx_word' id='word_1_116' title='bbox 616 1857 724 1922; x_wconf 88' lang='lat' dir='ltr'>diuina</span> <span class='ocrx_word' id='word_1_117' title='bbox 750 1874 814 1932; x_wconf 88' lang='lat' dir='ltr'>res,</span> <span class='ocrx_word' id='word_1_118' title='bbox 839 1854 950 1920; x_wconf 89' lang='lat' dir='ltr'>lratres</span> <span class='ocrx_word' id='word_1_119' title='bbox 975 1855 1148 1932; x_wconf 77' lang='lat' dir='ltr'>rarissimi,</span> <span class='ocrx_word' id='word_1_120' title='bbox 1185 1854 1333 1920; x_wconf 87' lang='lat' dir='ltr'>salutaris</span> <span class='ocrx_word' id='word_1_121' title='bbox 1359 1857 1509 1938; x_wconf 86' lang='lat' dir='ltr'>operatio,</span> 
     </span>
     <span class='ocr_line' id='line_1_16' title="bbox 374 1955 1543 2043; baseline -0.008 -19"><span class='ocrx_word' id='word_1_122' title='bbox 374 1959 523 2024; x_wconf 87' lang='lat' dir='ltr'>solacium</span> <span class='ocrx_word' id='word_1_123' title='bbox 538 1959 655 2043; x_wconf 83' lang='lat' dir='ltr'>grande</span> <span class='ocrx_word' id='word_1_124' title='bbox 670 1957 881 2029; x_wconf 87' lang='lat' dir='ltr'>credentium,</span> <span class='ocrx_word' id='word_1_125' title='bbox 903 1955 1081 2022; x_wconf 81' lang='lat' dir='ltr'>securitatis</span> <span class='ocrx_word' id='word_1_126' title='bbox 1101 1957 1226 2023; x_wconf 84' lang='lat' dir='ltr'>nostres</span> <span class='ocrx_word' id='word_1_127' title='bbox 1249 1956 1374 2023; x_wconf 88' lang='lat' dir='ltr'>salubre</span> <span class='ocrx_word' id='word_1_128' title='bbox 1389 1958 1543 2040; x_wconf 77' lang='lat' dir='ltr'>pressi-rs</span> 
     </span>
     <span class='ocr_line' id='line_1_17' title="bbox 374 2057 1509 2142; baseline -0.001 -17"><span class='ocrx_word' id='word_1_129' title='bbox 374 2061 480 2138; x_wconf 90' lang='lat' dir='ltr'>diam,</span> <span class='ocrx_word' id='word_1_130' title='bbox 502 2061 734 2125; x_wconf 87' lang='lat' dir='ltr'>munimentum</span> <span class='ocrx_word' id='word_1_131' title='bbox 749 2059 832 2142; x_wconf 93' lang='lat' dir='ltr'>spei,</span> <span class='ocrx_word' id='word_1_132' title='bbox 854 2058 956 2124; x_wconf 90' lang='lat' dir='ltr'>tutela</span> <span class='ocrx_word' id='word_1_133' title='bbox 969 2057 1060 2135; x_wconf 85' lang='lat' dir='ltr'>fidei,</span> <span class='ocrx_word' id='word_1_134' title='bbox 1081 2059 1218 2125; x_wconf 89' lang='lat' dir='ltr'>medella</span> <span class='ocrx_word' id='word_1_135' title='bbox 1231 2059 1368 2142; x_wconf 85' lang='lat' dir='ltr'>peccati,</span> <span class='ocrx_word' id='word_1_136' title='bbox 1388 2077 1438 2124; x_wconf 87' lang='lat' dir='ltr'>res</span> <span class='ocrx_word' id='word_1_137' title='bbox 1452 2076 1509 2142; x_wconf 88' lang='lat' dir='ltr'>pe-</span> 
     </span>
     <span class='ocr_line' id='line_1_18' title="bbox 375 2161 1508 2246; baseline -0.002 -18"><span class='ocrx_word' id='word_1_138' title='bbox 375 2164 438 2229; x_wconf 90' lang='lat' dir='ltr'>sita</span> <span class='ocrx_word' id='word_1_139' title='bbox 452 2163 486 2226; x_wconf 93' lang='lat' dir='ltr'>in</span> <span class='ocrx_word' id='word_1_140' title='bbox 500 2165 655 2246; x_wconf 85' lang='lat' dir='ltr'>potestate</span> <span class='ocrx_word' id='word_1_141' title='bbox 670 2161 829 2237; x_wconf 82' lang='lat' dir='ltr'>facientis,</span> <span class='ocrx_word' id='word_1_142' title='bbox 853 2180 900 2225; x_wconf 91' lang='lat' dir='ltr'>res</span> <span class='ocrx_word' id='word_1_143' title='bbox 916 2164 949 2226; x_wconf 93' lang='lat' dir='ltr'>et</span> <span class='ocrx_word' id='word_1_144' title='bbox 963 2162 1092 2243; x_wconf 57' lang='lat' dir='ltr'>mandis</span> <span class='ocrx_word' id='word_1_145' title='bbox 1107 2161 1275 2240; x_wconf 79' lang='lat' dir='ltr'>etfacilis,</span> <span class='ocrx_word' id='word_1_146' title='bbox 1291 2163 1357 2227; x_wconf 91' lang='lat' dir='ltr'>sine</span> <span class='ocrx_word' id='word_1_147' title='bbox 1372 2162 1508 2245; x_wconf 89' lang='lat' dir='ltr'>periculo</span> 
     </span>
     <span class='ocr_line' id='line_1_19' title="bbox 376 2263 1509 2349; baseline -0.002 -19"><span class='ocrx_word' id='word_1_148' title='bbox 376 2264 600 2349; x_wconf 83' lang='lat' dir='ltr'>persecutionis</span> <span class='ocrx_word' id='word_1_149' title='bbox 616 2281 726 2329; x_wconf 88' lang='lat' dir='ltr'>corona</span> <span class='ocrx_word' id='word_1_150' title='bbox 741 2264 842 2347; x_wconf 87' lang='lat' dir='ltr'>pacis,</span> <span class='ocrx_word' id='word_1_151' title='bbox 866 2282 974 2328; x_wconf 89' lang='lat' dir='ltr'>uemm</span> <span class='ocrx_word' id='word_1_152' title='bbox 997 2263 1055 2328; x_wconf 89' lang='lat' dir='ltr'>Dei</span> <span class='ocrx_word' id='word_1_153' title='bbox 1069 2282 1183 2328; x_wconf 89' lang='lat' dir='ltr'>munus</span> <span class='ocrx_word' id='word_1_154' title='bbox 1199 2265 1231 2328; x_wconf 89' lang='lat' dir='ltr'>et</span> <span class='ocrx_word' id='word_1_155' title='bbox 1246 2264 1435 2340; x_wconf 83' lang='lat' dir='ltr'>maximum,</span> <span class='ocrx_word' id='word_1_156' title='bbox 1458 2264 1509 2328; x_wconf 91' lang='lat' dir='ltr'>in·</span> 
     </span>
     <span class='ocr_line' id='line_1_20' title="bbox 375 2365 1508 2449; baseline -0.003 -17"><span class='ocrx_word' id='word_1_157' title='bbox 375 2366 475 2432; x_wconf 85' lang='lat' dir='ltr'>tirmis</span> <span class='ocrx_word' id='word_1_158' title='bbox 490 2367 714 2444; x_wconf 87' lang='lat' dir='ltr'>necessarium,</span> <span class='ocrx_word' id='word_1_159' title='bbox 737 2367 871 2432; x_wconf 86' lang='lat' dir='ltr'>fortibus</span> <span class='ocrx_word' id='word_1_160' title='bbox 885 2365 1075 2449; x_wconf 84' lang='lat' dir='ltr'>gloriosum,</span> <span class='ocrx_word' id='word_1_161' title='bbox 1098 2384 1159 2448; x_wconf 87' lang='lat' dir='ltr'>quo</span> <span class='ocrx_word' id='word_1_162' title='bbox 1177 2365 1364 2431; x_wconf 85' lang='lat' dir='ltr'>christianus</span> <span class='ocrx_word' id='word_1_163' title='bbox 1380 2365 1508 2431; x_wconf 88' lang='lat' dir='ltr'>adiutus</span> 
     </span>
     <span class='ocr_line' id='line_1_21' title="bbox 375 2467 1544 2553; baseline -0.002 -19"><span class='ocrx_word' id='word_1_164' title='bbox 375 2470 491 2553; x_wconf 80' lang='lat' dir='ltr'>perfert</span> <span class='ocrx_word' id='word_1_165' title='bbox 506 2470 641 2553; x_wconf 87' lang='lat' dir='ltr'>gratiam</span> <span class='ocrx_word' id='word_1_166' title='bbox 655 2469 845 2550; x_wconf 86' lang='lat' dir='ltr'>spiritalem,</span> <span class='ocrx_word' id='word_1_167' title='bbox 861 2471 1054 2550; x_wconf 86' lang='lat' dir='ltr'>promeretur</span> <span class='ocrx_word' id='word_1_168' title='bbox 1069 2467 1228 2534; x_wconf 81' lang='lat' dir='ltr'>Christum</span> <span class='ocrx_word' id='word_1_169' title='bbox 1243 2468 1389 2546; x_wconf 89' lang='lat' dir='ltr'>iudicem,</span> <span class='ocrx_word' id='word_1_170' title='bbox 1405 2468 1506 2533; x_wconf 90' lang='lat' dir='ltr'>Deum</span> <span class='ocrx_word' id='word_1_171' title='bbox 1517 2485 1544 2525; x_wconf 76' lang='lat' dir='ltr'>ro</span> 
     </span>
     <span class='ocr_line' id='line_1_22' title="bbox 375 2567 1508 2653; baseline -0.003 -17"><span class='ocrx_word' id='word_1_172' title='bbox 375 2572 538 2653; x_wconf 87' lang='lat' dir='ltr'>computat</span> <span class='ocrx_word' id='word_1_173' title='bbox 553 2570 736 2636; x_wconf 88' lang='lat' dir='ltr'>debitorem.</span> <span class='ocrx_word' id='word_1_174' title='bbox 759 2570 799 2636; x_wconf 87' lang='lat' dir='ltr'>ed</span> <span class='ocrx_word' id='word_1_175' title='bbox 814 2570 892 2634; x_wconf 92' lang='lat' dir='ltr'>hanc</span> <span class='ocrx_word' id='word_1_176' title='bbox 905 2586 1035 2651; x_wconf 88' lang='lat' dir='ltr'>eperum</span> <span class='ocrx_word' id='word_1_177' title='bbox 1049 2569 1237 2635; x_wconf 75' lang='lat' dir='ltr'>misterium</span> <span class='ocrx_word' id='word_1_178' title='bbox 1251 2570 1391 2652; x_wconf 88' lang='lat' dir='ltr'>palmam</span> <span class='ocrx_word' id='word_1_179' title='bbox 1404 2567 1508 2634; x_wconf 90' lang='lat' dir='ltr'>liben-</span> 
     </span>
     <span class='ocr_line' id='line_1_23' title="bbox 375 2670 1508 2756; baseline -0.003 -17"><span class='ocrx_word' id='word_1_180' title='bbox 375 2676 423 2740; x_wconf 91' lang='lat' dir='ltr'>ter</span> <span class='ocrx_word' id='word_1_181' title='bbox 438 2692 475 2739; x_wconf 89' lang='lat' dir='ltr'>ac</span> <span class='ocrx_word' id='word_1_182' title='bbox 489 2675 632 2756; x_wconf 89' lang='lat' dir='ltr'>prompte</span> <span class='ocrx_word' id='word_1_183' title='bbox 648 2672 818 2749; x_wconf 86' lang='lat' dir='ltr'>certemus,</span> <span class='ocrx_word' id='word_1_184' title='bbox 833 2689 940 2739; x_wconf 88' lang='lat' dir='ltr'>ornnes</span> <span class='ocrx_word' id='word_1_185' title='bbox 954 2672 988 2737; x_wconf 89' lang='lat' dir='ltr'>iu</span> <span class='ocrx_word' id='word_1_186' title='bbox 1003 2689 1102 2756; x_wconf 55' lang='lat' dir='ltr'>mone</span> <span class='ocrx_word' id='word_1_187' title='bbox 1112 2671 1254 2739; x_wconf 90' lang='lat' dir='ltr'>iustitiae</span> <span class='ocrx_word' id='word_1_188' title='bbox 1264 2674 1331 2738; x_wconf 90' lang='lat' dir='ltr'>Deo</span> <span class='ocrx_word' id='word_1_189' title='bbox 1342 2673 1374 2738; x_wconf 94' lang='lat' dir='ltr'>et</span> <span class='ocrx_word' id='word_1_190' title='bbox 1385 2670 1508 2738; x_wconf 79' lang='lat' dir='ltr'>Christo</span> 
     </span>
     <span class='ocr_line' id='line_1_24' title="bbox 375 2774 1508 2858; baseline -0.001 -17"><span class='ocrx_word' id='word_1_191' title='bbox 375 2777 535 2858; x_wconf 84' lang='lat' dir='ltr'>spectante</span> <span class='ocrx_word' id='word_1_192' title='bbox 558 2793 718 2839; x_wconf 86' lang='lat' dir='ltr'>curremus</span> <span class='ocrx_word' id='word_1_193' title='bbox 740 2778 772 2839; x_wconf 89' lang='lat' dir='ltr'>et</span> <span class='ocrx_word' id='word_1_194' title='bbox 793 2775 848 2856; x_wconf 88' lang='lat' dir='ltr'>qui</span> <span class='ocrx_word' id='word_1_195' title='bbox 869 2774 991 2840; x_wconf 88' lang='lat' dir='ltr'>saeculo</span> <span class='ocrx_word' id='word_1_196' title='bbox 1014 2776 1048 2840; x_wconf 87' lang='lat' dir='ltr'>et</span> <span class='ocrx_word' id='word_1_197' title='bbox 1068 2776 1184 2842; x_wconf 90' lang='lat' dir='ltr'>mundo</span> <span class='ocrx_word' id='word_1_198' title='bbox 1207 2777 1340 2841; x_wconf 90' lang='lat' dir='ltr'>maiores</span> <span class='ocrx_word' id='word_1_199' title='bbox 1362 2794 1429 2841; x_wconf 87' lang='lat' dir='ltr'>esse</span> <span class='ocrx_word' id='word_1_200' title='bbox 1443 2776 1508 2840; x_wconf 90' lang='lat' dir='ltr'>iarn</span> 
     </span>
     <span class='ocr_line' id='line_1_25' title="bbox 376 2875 1509 2961; baseline 0.001 -21"><span class='ocrx_word' id='word_1_201' title='bbox 376 2875 533 2958; x_wconf 91' lang='lat' dir='ltr'>coepimus</span> <span class='ocrx_word' id='word_1_202' title='bbox 549 2893 673 2940; x_wconf 85' lang='lat' dir='ltr'>cursum</span> <span class='ocrx_word' id='word_1_203' title='bbox 689 2879 831 2941; x_wconf 89' lang='lat' dir='ltr'>nostrum</span> <span class='ocrx_word' id='word_1_204' title='bbox 846 2876 934 2941; x_wconf 89' lang='lat' dir='ltr'>nulla</span> <span class='ocrx_word' id='word_1_205' title='bbox 948 2878 1064 2942; x_wconf 89' lang='lat' dir='ltr'>saeculi</span> <span class='ocrx_word' id='word_1_206' title='bbox 1079 2880 1112 2942; x_wconf 91' lang='lat' dir='ltr'>et</span> <span class='ocrx_word' id='word_1_207' title='bbox 1127 2877 1237 2942; x_wconf 90' lang='lat' dir='ltr'>muudi</span> <span class='ocrx_word' id='word_1_208' title='bbox 1252 2877 1427 2961; x_wconf 87' lang='lat' dir='ltr'>cupiditate</span> <span class='ocrx_word' id='word_1_209' title='bbox 1441 2879 1509 2942; x_wconf 84' lang='lat' dir='ltr'>tar·</span> 
     </span>
     <span class='ocr_line' id='line_1_26' title="bbox 376 2977 1544 3064; baseline 0.002 -22"><span class='ocrx_word' id='word_1_210' title='bbox 376 2979 495 3042; x_wconf 79' lang='lat' dir='ltr'>demum.</span> <span class='ocrx_word' id='word_1_211' title='bbox 521 2977 549 3040; x_wconf 91' lang='lat' dir='ltr'>si</span> <span class='ocrx_word' id='word_1_212' title='bbox 563 2977 736 3058; x_wconf 84' lang='lat' dir='ltr'>expeditos,</span> <span class='ocrx_word' id='word_1_213' title='bbox 760 2978 788 3043; x_wconf 89' lang='lat' dir='ltr'>si</span> <span class='ocrx_word' id='word_1_214' title='bbox 802 2978 933 3055; x_wconf 90' lang='lat' dir='ltr'>celeres,</span> <span class='ocrx_word' id='word_1_215' title='bbox 956 2979 983 3042; x_wconf 92' lang='lat' dir='ltr'>si</span> <span class='ocrx_word' id='word_1_216' title='bbox 998 2980 1032 3043; x_wconf 90' lang='lat' dir='ltr'>in</span> <span class='ocrx_word' id='word_1_217' title='bbox 1047 2978 1105 3044; x_wconf 91' lang='lat' dir='ltr'>hoc</span> <span class='ocrx_word' id='word_1_218' title='bbox 1121 2979 1222 3060; x_wconf 91' lang='lat' dir='ltr'>operis</span> <span class='ocrx_word' id='word_1_219' title='bbox 1237 2997 1336 3064; x_wconf 77' lang='lat' dir='ltr'>agone</span> <span class='ocrx_word' id='word_1_220' title='bbox 1351 2982 1508 3044; x_wconf 89' lang='lat' dir='ltr'>currentes</span> <span class='ocrx_word' id='word_1_221' title='bbox 1518 2996 1544 3033; x_wconf 75' lang='lat' dir='ltr'>a</span> 
     </span>
     <span class='ocr_line' id='line_1_27' title="bbox 377 3079 1509 3163; baseline 0.003 -21"><span class='ocrx_word' id='word_1_222' title='bbox 377 3080 443 3142; x_wconf 92' lang='lat' dir='ltr'>dies</span> <span class='ocrx_word' id='word_1_223' title='bbox 470 3096 526 3143; x_wconf 91' lang='lat' dir='ltr'>nos</span> <span class='ocrx_word' id='word_1_224' title='bbox 550 3079 602 3143; x_wconf 88' lang='lat' dir='ltr'>ael</span> <span class='ocrx_word' id='word_1_225' title='bbox 627 3079 811 3145; x_wconf 89' lang='lat' dir='ltr'>redditionis</span> <span class='ocrx_word' id='word_1_226' title='bbox 836 3080 889 3145; x_wconf 91' lang='lat' dir='ltr'>uel</span> <span class='ocrx_word' id='word_1_227' title='bbox 913 3080 1136 3162; x_wconf 86' lang='lat' dir='ltr'>persecutionis</span> <span class='ocrx_word' id='word_1_228' title='bbox 1162 3080 1332 3159; x_wconf 91' lang='lat' dir='ltr'>inuenerit,</span> <span class='ocrx_word' id='word_1_229' title='bbox 1355 3099 1509 3163; x_wconf 86' lang='lat' dir='ltr'>nusquam</span> 
     </span>
     <span class='ocr_line' id='line_1_28' title="bbox 376 3183 1506 3267; baseline 0 -20"><span class='ocrx_word' id='word_1_230' title='bbox 376 3183 529 3248; x_wconf 91' lang='lat' dir='ltr'>Dominus</span> <span class='ocrx_word' id='word_1_231' title='bbox 543 3184 663 3249; x_wconf 91' lang='lat' dir='ltr'>meritis</span> <span class='ocrx_word' id='word_1_232' title='bbox 677 3186 792 3250; x_wconf 91' lang='lat' dir='ltr'>uostris</span> <span class='ocrx_word' id='word_1_233' title='bbox 806 3185 846 3249; x_wconf 89' lang='lat' dir='ltr'>ad</span> <span class='ocrx_word' id='word_1_234' title='bbox 857 3186 1031 3267; x_wconf 90' lang='lat' dir='ltr'>praemium</span> <span class='ocrx_word' id='word_1_235' title='bbox 1046 3185 1155 3262; x_wconf 89' lang='lat' dir='ltr'>deerit,</span> <span class='ocrx_word' id='word_1_236' title='bbox 1172 3185 1204 3249; x_wconf 89' lang='lat' dir='ltr'>in</span> <span class='ocrx_word' id='word_1_237' title='bbox 1218 3203 1293 3264; x_wconf 90' lang='lat' dir='ltr'>paee</span> <span class='ocrx_word' id='word_1_238' title='bbox 1308 3184 1506 3248; x_wconf 88' lang='lat' dir='ltr'>uincentibus</span> 
     </span>
     <span class='ocr_line' id='line_1_29' title="bbox 376 3286 1509 3371; baseline 0.001 -21"><span class='ocrx_word' id='word_1_239' title='bbox 376 3301 518 3350; x_wconf 91' lang='lat' dir='ltr'>coronam</span> <span class='ocrx_word' id='word_1_240' title='bbox 533 3286 698 3351; x_wconf 89' lang='lat' dir='ltr'>candidam</span> <span class='ocrx_word' id='word_1_241' title='bbox 714 3305 768 3370; x_wconf 89' lang='lat' dir='ltr'>pro</span> <span class='ocrx_word' id='word_1_242' title='bbox 783 3287 926 3369; x_wconf 87' lang='lat' dir='ltr'>operibus</span> <span class='ocrx_word' id='word_1_243' title='bbox 942 3287 1040 3366; x_wconf 80' lang='lat' dir='ltr'>dabit,</span> <span class='ocrx_word' id='word_1_244' title='bbox 1056 3288 1088 3353; x_wconf 90' lang='lat' dir='ltr'>in</span> <span class='ocrx_word' id='word_1_245' title='bbox 1100 3287 1311 3371; x_wconf 80' lang='lat' dir='ltr'>persecutione</span> <span class='ocrx_word' id='word_1_246' title='bbox 1321 3305 1509 3369; x_wconf 88' lang='lat' dir='ltr'>purpuream</span> 
     </span>
     <span class='ocr_line' id='line_1_30' title="bbox 377 3389 787 3472; baseline -0.005 -18"><span class='ocrx_word' id='word_1_247' title='bbox 377 3407 432 3472; x_wconf 90' lang='lat' dir='ltr'>pro</span> <span class='ocrx_word' id='word_1_248' title='bbox 446 3389 589 3471; x_wconf 86' lang='lat' dir='ltr'>passione</span> <span class='ocrx_word' id='word_1_249' title='bbox 604 3389 787 3472; x_wconf 84' lang='lat' dir='ltr'>geminabit.</span> 
     </span>
    </p>
   </div>
   <div class='ocr_carea' id='block_1_3' title="bbox 374 3575 1512 4328">
    <p class='ocr_par' dir='ltr' id='par_1_4' title="bbox 374 3575 1512 4328">
     <span class='ocr_line' id='line_1_31' title="bbox 429 3575 1512 3645; baseline 0 -17"><span class='ocrx_word' id='word_1_250' title='bbox 429 3575 779 3643; x_wconf 58' lang='lat' dir='ltr'>sumptuosissima</span> <span class='ocrx_word' id='word_1_251' title='bbox 838 3576 1092 3645; x_wconf 83' lang='lat' dir='ltr'>9queWs.l.m.2</span> <span class='ocrx_word' id='word_1_252' title='bbox 1167 3575 1320 3631; x_wconf 78' lang='lat' dir='ltr'>suicrraW</span> <span class='ocrx_word' id='word_1_253' title='bbox 1372 3577 1404 3629; x_wconf 91' lang='lat'>11</span> <span class='ocrx_word' id='word_1_254' title='bbox 1418 3579 1512 3628; x_wconf 84' lang='lat' dir='ltr'>creant</span> 
     </span>
     <span class='ocr_line' id='line_1_32' title="bbox 380 3661 1510 3730; baseline -0.002 -14"><span class='ocrx_word' id='word_1_255' title='bbox 380 3661 406 3716; x_wconf 84' lang='lat' dir='ltr'><em>G</em></span> <span class='ocrx_word' id='word_1_256' title='bbox 485 3661 519 3715; x_wconf 84' lang='lat'>14</span> <span class='ocrx_word' id='word_1_257' title='bbox 537 3663 759 3730; x_wconf 72' lang='lat' dir='ltr'>rescstscripsil</span> <span class='ocrx_word' id='word_1_258' title='bbox 769 3661 867 3717; x_wconf 79' lang='lat' dir='ltr'>Rerelle</span> <span class='ocrx_word' id='word_1_259' title='bbox 952 3664 1052 3716; x_wconf 83' lang='lat' dir='ltr'>fratres</span> <span class='ocrx_word' id='word_1_260' title='bbox 1062 3661 1238 3717; x_wconf 84' lang='lat' dir='ltr'>dilectissimi</span> <span class='ocrx_word' id='word_1_261' title='bbox 1256 3664 1293 3717; x_wconf 85' lang='lat' dir='ltr'><strong><em>W</em></strong></span> <span class='ocrx_word' id='word_1_262' title='bbox 1380 3661 1510 3730; x_wconf 74' lang='lat' dir='ltr'>operatio!</span> 
     </span>
     <span class='ocr_line' id='line_1_33' title="bbox 374 3746 1462 3803; baseline -0.003 -1"><span class='ocrx_word' id='word_1_263' title='bbox 374 3748 505 3803; x_wconf 82' lang='lat' dir='ltr'>oratioF</span> <span class='ocrx_word' id='word_1_264' title='bbox 556 3750 589 3803; x_wconf 85' lang='grc'>16</span> <span class='ocrx_word' id='word_1_265' title='bbox 607 3750 809 3802; x_wconf 88' lang='lat' dir='ltr'>mouumentum</span> <span class='ocrx_word' id='word_1_266' title='bbox 826 3748 864 3803; x_wconf 80' lang='lat' dir='ltr'>G·</span> <span class='ocrx_word' id='word_1_267' title='bbox 922 3765 1052 3802; x_wconf 79' lang='lat' dir='ltr'>resesre</span> <span class='ocrx_word' id='word_1_268' title='bbox 1068 3750 1169 3803; x_wconf 53' lang='grc' dir='ltr'>(ΜΒ</span> <span class='ocrx_word' id='word_1_269' title='bbox 1230 3747 1262 3801; x_wconf 78' lang='lat' dir='ltr'>ll</span> <span class='ocrx_word' id='word_1_270' title='bbox 1279 3747 1409 3801; x_wconf 81' lang='lat' dir='ltr'>iacientes</span> <span class='ocrx_word' id='word_1_271' title='bbox 1423 3746 1462 3799; x_wconf 87' lang='lat' dir='ltr'><strong><em>W</em></strong></span> 
     </span>
     <span class='ocr_line' id='line_1_34' title="bbox 375 3831 1510 3903; baseline -0.003 -16"><span class='ocrx_word' id='word_1_272' title='bbox 375 3833 412 3887; x_wconf 78' lang='lat'>20</span> <span class='ocrx_word' id='word_1_273' title='bbox 427 3834 544 3902; x_wconf 79' lang='lat' dir='ltr'>perforet</span> <span class='ocrx_word' id='word_1_274' title='bbox 560 3833 599 3898; x_wconf 86' lang='lat' dir='ltr'>G,</span> <span class='ocrx_word' id='word_1_275' title='bbox 617 3832 730 3903; x_wconf 70' lang='lat' dir='ltr'>perferri</span> <span class='ocrx_word' id='word_1_276' title='bbox 741 3832 783 3898; x_wconf 81' lang='lat' dir='ltr'>F,</span> <span class='ocrx_word' id='word_1_277' title='bbox 800 3833 1002 3902; x_wconf 77' lang='lat' dir='ltr'>praelertcoai</span> <span class='ocrx_word' id='word_1_278' title='bbox 1015 3833 1165 3888; x_wconf 81' lang='lat' dir='ltr'>Morellias</span> <span class='ocrx_word' id='word_1_279' title='bbox 1216 3831 1315 3887; x_wconf 83' lang='lat' dir='ltr'>christi</span> <span class='ocrx_word' id='word_1_280' title='bbox 1332 3833 1365 3882; x_wconf 87' lang='lat' dir='ltr'><strong><em>W</em></strong></span> <span class='ocrx_word' id='word_1_281' title='bbox 1414 3831 1510 3886; x_wconf 77' lang='lat'><strong>2301-</strong></span> 
     </span>
     <span class='ocr_line' id='line_1_35' title="bbox 377 3917 1511 3990; baseline -0.003 -16"><span class='ocrx_word' id='word_1_282' title='bbox 377 3922 501 3990; x_wconf 85' lang='lat' dir='ltr'>pecteuto</span> <span class='ocrx_word' id='word_1_283' title='bbox 518 3919 555 3973; x_wconf 70' lang='grc' dir='ltr'>θ’</span> <span class='ocrx_word' id='word_1_284' title='bbox 623 3918 660 3972; x_wconf 74' lang='lat'>25</span> <span class='ocrx_word' id='word_1_285' title='bbox 676 3917 832 3973; x_wconf 70' lang='lat' dir='ltr'>alumnos·</span> <span class='ocrx_word' id='word_1_286' title='bbox 892 3919 927 3973; x_wconf 79' lang='lat'>26</span> <span class='ocrx_word' id='word_1_287' title='bbox 944 3917 1088 3974; x_wconf 85' lang='lat' dir='ltr'>reditionis</span> <span class='ocrx_word' id='word_1_288' title='bbox 1104 3921 1141 3984; x_wconf 86' lang='lat' dir='ltr'>V,</span> <span class='ocrx_word' id='word_1_289' title='bbox 1158 3918 1321 3974; x_wconf 86' lang='lat' dir='ltr'>redditiones</span> <span class='ocrx_word' id='word_1_290' title='bbox 1336 3918 1362 3971; x_wconf 81' lang='lat' dir='ltr'><em>G</em></span> <span class='ocrx_word' id='word_1_291' title='bbox 1436 3918 1511 3972; x_wconf 86' lang='lat' dir='ltr'>inue-</span> 
     </span>
     <span class='ocr_line' id='line_1_36' title="bbox 376 3987 1512 4074; baseline 0.002 -17"><span class='ocrx_word' id='word_1_292' title='bbox 376 4004 437 4058; x_wconf 83' lang='lat' dir='ltr'>niat</span> <span class='ocrx_word' id='word_1_293' title='bbox 448 4004 479 4057; x_wconf 82' lang='lat' dir='ltr'><em>F</em></span> <span class='ocrx_word' id='word_1_294' title='bbox 536 4020 683 4072; x_wconf 82' lang='lat' dir='ltr'>numquam</span> <span class='ocrx_word' id='word_1_295' title='bbox 699 4005 721 4056; x_wconf 87' lang='lat' dir='ltr'><strong><em>V</em></strong></span> <span class='ocrx_word' id='word_1_296' title='bbox 789 4005 824 4058; x_wconf 78' lang='lat' dir='ltr'>Yl</span> <span class='ocrx_word' id='word_1_297' title='bbox 841 3987 906 4059; x_wconf 55' lang='lat' dir='ltr'>dn}</span> <span class='ocrx_word' id='word_1_298' title='bbox 922 4006 960 4058; x_wconf 90' lang='lat' dir='ltr'><strong><em>W</em></strong></span> <span class='ocrx_word' id='word_1_299' title='bbox 1032 4005 1067 4058; x_wconf 74' lang='lat'>29</span> <span class='ocrx_word' id='word_1_300' title='bbox 1084 4004 1237 4074; x_wconf 79' lang='lat' dir='ltr'>geminauit</span> <span class='ocrx_word' id='word_1_301' title='bbox 1250 4004 1289 4068; x_wconf 86' lang='lat' dir='ltr'>G,</span> <span class='ocrx_word' id='word_1_302' title='bbox 1307 4004 1459 4072; x_wconf 82' lang='lat' dir='ltr'>geminabit</span> <span class='ocrx_word' id='word_1_303' title='bbox 1474 4006 1512 4059; x_wconf 89' lang='lat' dir='ltr'><strong><em>W</em></strong></span> 
     </span>
     <span class='ocr_line' id='line_1_37' title="bbox 376 4089 1511 4152; baseline 0.001 -10"><span class='ocrx_word' id='word_1_304' title='bbox 376 4105 397 4142; x_wconf 89' lang='lat' dir='ltr'>s.</span> <span class='ocrx_word' id='word_1_305' title='bbox 408 4089 424 4143; x_wconf 84' lang='lat' dir='ltr'>l.</span> <span class='ocrx_word' id='word_1_306' title='bbox 438 4093 502 4144; x_wconf 63' lang='grc' dir='ltr'><em>Μ</em></span> <span class='ocrx_word' id='word_1_307' title='bbox 611 4104 724 4144; x_wconf 77' lang='lat' dir='ltr'>canem</span> <span class='ocrx_word' id='word_1_308' title='bbox 747 4104 885 4144; x_wconf 79' lang='lat' dir='ltr'>creamur</span> <span class='ocrx_word' id='word_1_309' title='bbox 907 4105 946 4143; x_wconf 80' lang='lat' dir='ltr'>ns</span> <span class='ocrx_word' id='word_1_310' title='bbox 968 4104 1061 4144; x_wconf 78' lang='lat' dir='ltr'>ornas</span> <span class='ocrx_word' id='word_1_311' title='bbox 1078 4104 1113 4143; x_wconf 84' lang='lat' dir='ltr'>sn</span> <span class='ocrx_word' id='word_1_312' title='bbox 1130 4103 1309 4144; x_wconf 77' lang='lat' dir='ltr'>suenosrsrs</span> <span class='ocrx_word' id='word_1_313' title='bbox 1326 4104 1458 4144; x_wconf 73' lang='lat' dir='ltr'>emuniens</span> <span class='ocrx_word' id='word_1_314' title='bbox 1476 4090 1511 4152; x_wconf 68' lang='lat'>10⁸,</span> 
     </span>
     <span class='ocr_line' id='line_1_38' title="bbox 377 4176 1511 4231; baseline 0 -2"><span class='ocrx_word' id='word_1_315' title='bbox 377 4190 414 4229; x_wconf 86' lang='lat' dir='ltr'>ns</span> <span class='ocrx_word' id='word_1_316' title='bbox 431 4189 523 4229; x_wconf 79' lang='lat' dir='ltr'>orans</span> <span class='ocrx_word' id='word_1_317' title='bbox 540 4191 575 4229; x_wconf 78' lang='lat' dir='ltr'>sn</span> <span class='ocrx_word' id='word_1_318' title='bbox 593 4190 764 4229; x_wconf 79' lang='lat' dir='ltr'>suanosrms</span> <span class='ocrx_word' id='word_1_319' title='bbox 786 4190 918 4229; x_wconf 76' lang='lat' dir='ltr'>numeru</span> <span class='ocrx_word' id='word_1_320' title='bbox 933 4176 984 4230; x_wconf 85' lang='lat' dir='ltr'>W.</span> <span class='ocrx_word' id='word_1_321' title='bbox 1015 4190 1147 4229; x_wconf 74' lang='lat' dir='ltr'>usurum</span> <span class='ocrx_word' id='word_1_322' title='bbox 1171 4190 1208 4229; x_wconf 79' lang='lat' dir='ltr'>ns</span> <span class='ocrx_word' id='word_1_323' title='bbox 1225 4190 1316 4230; x_wconf 81' lang='lat' dir='ltr'>oseas</span> <span class='ocrx_word' id='word_1_324' title='bbox 1335 4191 1368 4230; x_wconf 68' lang='grc' dir='ltr'>ιτ</span> <span class='ocrx_word' id='word_1_325' title='bbox 1387 4191 1511 4231; x_wconf 71' lang='lat' dir='ltr'>reusner-</span> 
     </span>
     <span class='ocr_line' id='line_1_39' title="bbox 379 4259 830 4328; baseline 0.002 -16"><span class='ocrx_word' id='word_1_326' title='bbox 379 4275 446 4315; x_wconf 79' lang='lat' dir='ltr'>snas</span> <span class='ocrx_word' id='word_1_327' title='bbox 462 4259 830 4328; x_wconf 69' lang='lat' dir='ltr'>Gaitterccsnserasac).</span> 
     </span>
    </p>
   </div>
   <div class='ocr_carea' id='block_1_4' title="bbox 842 4371 1046 4378">
    <p class='ocr_par' dir='ltr' id='par_1_5' title="bbox 842 4371 1046 4378">
     <span class='ocr_line' id='line_1_40' title="bbox 842 4371 1046 4378; baseline 0 -1"><span class='ocrx_word' id='word_1_328' title='bbox 842 4371 865 4377; x_wconf 75' lang='lat'>..-</span> <span class='ocrx_word' id='word_1_329' title='bbox 884 4371 1046 4378; x_wconf 72' lang='lat'>.—...--.--.</span> 
     </span>
    </p>
   </div>
   <div class='ocr_carea' id='block_1_5' title="bbox 0 0 2014 5034">
    <p class='ocr_par' dir='ltr' id='par_1_6' title="bbox 0 0 2014 5034">
     <span class='ocr_line' id='line_1_41' title="bbox 0 0 2014 5034; baseline 0 0"><span class='ocrx_word' id='word_1_330' title='bbox 0 0 2014 5034; x_wconf 95' lang='lat' dir='ltr'> </span> 
     </span>
    </p>
   </div>
  </div>
 </body>
</html>
