4009 5034
639 381 783 435 sentent
805 393 841 434 aa
858 383 1097 449 episeopornrn
1114 397 1160 436 nr.
1179 383 1284 438 17-24
1465 390 1531 454 445

692 626 925 688 Hortensium
940 644 961 689 a
974 628 1108 690 Laribus
1123 628 1221 690 dixit:

434 740 581 807 Viderint
605 744 663 808 aut
688 743 938 827 praesumptores
963 745 1020 809 aut
1042 742 1180 812 fautores
1206 746 1452 813 haeretieorum:
1476 767 1531 815 noa
1547 752 1586 815 ti

392 862 490 909 unum
504 843 664 927 baptisma
677 843 762 927 quod
781 861 842 911 non
862 845 924 910 nisi
946 845 979 911 in
993 846 1124 913 eeclesia
1137 848 1284 914 nouimus
1299 850 1447 917 eeclesiae
1461 853 1534 919 uin-

391 946 541 1012 dieamns.
580 949 637 1012 aut
659 946 814 1029 quomodo
834 949 966 1030 possunt
985 948 1020 1014 in
1045 951 1171 1016 nomine
1191 949 1308 1016 Christi
1323 953 1463 1035 aliquem
1477 956 1535 1022 ba·

368 1050 508 1134 nptiaare
522 1066 600 1131 quos
614 1049 682 1132 ipse
697 1047 841 1116 Christus
855 1051 935 1116 dicit
949 1051 1145 1119 aduersarios
1160 1071 1233 1119 suos
1249 1059 1339 1120 esse?

701 1238 825 1300 cassina
839 1256 860 1300 a
873 1241 1110 1302 diaeomadibns
1126 1242 1222 1305 dixit:

435 1354 513 1421 (inm
536 1355 731 1439 baptismata
753 1354 815 1419 duo
838 1372 905 1420 esse
927 1357 1139 1438 nonpossint,
1174 1357 1228 1440 qui
1244 1357 1411 1426 haereticis
1432 1362 1591 1446 bapti-tt

391 1477 496 1525 smum
511 1458 652 1524 coneedit
666 1457 728 1522 sibi
744 1457 840 1523 tollit.
857 1475 967 1524 eenseo
982 1459 1089 1542 itaque
1103 1460 1224 1527 flebiles
1240 1465 1272 1528 et
1288 1463 1413 1530 tabidos
1427 1465 1536 1532 haere-

390 1561 469 1626 tieos
490 1560 696 1642 baptizandos
710 1577 793 1637 esse,
816 1578 889 1624 eum
914 1560 954 1624 ad
982 1562 1144 1628 ecelesiam
1171 1564 1279 1630 uenire
1305 1567 1479 1648 coeperint,
1502 1572 1536 1634 et

356 1680 478 1729 neaera
499 1662 532 1725 et
554 1660 663 1728 diuina
685 1662 843 1728 lunatione
864 1661 946 1727 lotos
969 1667 1002 1728 et
1024 1663 1057 1729 in
1080 1663 1199 1730 lumine
1221 1666 1308 1732 uitae
1330 1668 1534 1735 inluminatos

392 1782 453 1829 non
474 1764 578 1828 hostes
599 1765 655 1829 sed
677 1763 839 1846 pacificos,
861 1782 922 1829 non
946 1765 1065 1832 alienos
1079 1768 1134 1832 sed
1150 1765 1224 1832 fidei
1239 1768 1368 1835 Domini
1382 1771 1536 1836 domesti-

392 1883 459 1943 eos,
481 1883 543 1930 non
557 1866 718 1931 adulteros
733 1866 787 1929 sed
803 1866 861 1930 Dei
877 1866 978 1945 tilios,
1000 1884 1061 1932 non
1078 1869 1191 1933 erroris
1207 1871 1262 1935 sed
1277 1871 1392 1937 salutis
1407 1872 1534 1938 effectos

393 1971 426 2035 in
442 1968 604 2037 ecelesiam
618 1968 733 2052 recipi,
748 1969 867 2050 absque
882 1970 931 2034 his
946 1970 1000 2052 qui
1017 1971 1055 2035 de
1070 1972 1200 2037 ecelesia
1214 1972 1322 2039 fideles
1337 1973 1535 2056 supplantati

393 2071 433 2138 ad
447 2071 584 2137 haeresis
599 2071 744 2137 tenebrae
759 2070 962 2166 transierunt,
978 2073 1034 2138 sed
1048 2091 1101 2138 eos
1115 2091 1170 2157 per
1185 2093 1297 2140 manus
1312 2075 1535 2159 inpositionem

358 2195 385 2236 n
394 2174 613 2240 restituendos.

629 2347 718 2408 Alius
732 2348 901 2409 Ianuarius
917 2364 937 2407 a
951 2348 1030 2409 Viuo
1049 2348 1193 2409 Caesaris
1209 2349 1306 2410 dixit:

440 2460 475 2527 Si
500 2480 561 2527 non
586 2462 783 2545 obtemperat
808 2480 894 2528 emor
919 2462 1190 2541 ue1·itati,multo
1212 2465 1317 2548 magis
1339 2466 1458 2532 ueritas
1480 2479 1593 2540 nonas

397 2564 552 2628 consentit
568 2565 674 2628 errori.
699 2566 732 2628 et
747 2563 817 2630 ideo
837 2583 894 2630 nos
908 2565 1055 2630 aeclesiae
1070 2565 1273 2643 adsistimus,
1296 2567 1406 2651 inqua
1421 2571 1541 2652 praesi-

397 2666 526 2742 demus,
542 2669 579 2731 ut
594 2666 791 2750 baptismum
806 2667 873 2732 eius
889 2668 950 2749 ipsi
965 2668 1024 2733 soli
1039 2669 1235 2734 uindicantes
1250 2687 1303 2735 eos
1318 2688 1395 2753 quos
1411 2672 1544 2739 ecelesia

362 2797 389 2838 ao
398 2785 458 2833 non
473 2769 648 2850 baptinauit
662 2770 869 2851 baptizemus.

679 2960 769 3020 Alius
785 2960 980 3021 Secundinns
993 2978 1014 3021 a
1030 2961 1147 3039 Carpos
1162 2962 1259 3022 dixit:

442 3074 601 3139 Haeretici
618 3074 783 3140 christiani
806 3077 880 3139 sunt
902 3095 942 3140 an
964 3080 1048 3140 non?
1070 3077 1097 3139 si
1124 3076 1286 3141 christiani
1314 3080 1405 3152 sunt,
1430 3097 1487 3143 our
1511 3079 1543 3143 in
1555 3092 1595 3154 ιι

398 3177 527 3242 eeclesia
551 3177 610 3243 Dei
638 3195 698 3243 non
724 3179 823 3242 sunt?
844 3177 872 3242 si
900 3178 1064 3244 christiani
1090 3198 1151 3244 non
1178 3182 1269 3253 sunt,
1292 3179 1380 3244 fiant.
1404 3182 1460 3245 aut
1482 3199 1542 3262 quo

450 3384 469 3437 2
486 3382 608 3438 uiderint
626 3382 734 3437 SLYV
753 3389 780 3436 et
798 3382 878 3437 codd.
890 3384 978 3451 nup,
1003 3385 1071 3450 quot
1088 3383 1145 3436 sint
1162 3381 1293 3451 baptismi
1311 3380 1432 3437 uiderint
1449 3384 1493 3437 An

398 3470 583 3536 presumptore
596 3466 620 3521 S
684 3468 702 3521 3
719 3474 787 3521 ante
799 3467 871 3535 quod
886 3468 910 3519 Τ
918 3482 939 3519 a.
951 3467 969 3520 t.
982 3470 1073 3521 tenere
1144 3467 1278 3536 nouimus]
1291 3471 1334 3521 est
1346 3469 1375 3521 et
1387 3466 1415 3521 id
1427 3466 1507 3521 nobis
1519 3471 1547 3521 ot

398 3553 556 3608 annunt*
603 3552 738 3607 edixit?
786 3552 945 3606 doasiueL
996 3551 1236 3606 macomadibmS¹
1294 3552 1497 3621 ibaptisrnai'

397 3637 547 3708 pessuntS
623 3638 791 3708 baptismao
877 3638 1120 3706 ditaquea'nsns.
1137 3638 1162 3689 'l'
1229 3640 1258 3691 et
1269 3636 1389 3705 tabidos]
1401 3635 1547 3691 sectabiles

398 3723 433 3790 s,
451 3728 480 3779 et
491 3723 673 3794 desperabiles
684 3725 751 3791 sont.
831 3722 1045 3792 9ooopernnt8
1112 3724 1332 3777 etsacraoonL
1408 3722 1443 3775 10
1454 3722 1483 3776 in
1495 3738 1546 3777 om.

398 3813 498 3868 aneo
561 3810 595 3865 11
614 3808 787 3879 potense
858 3810 892 3864 12
909 3808 1059 3863 erotus
1122 3808 1156 3862 13
1173 3808 1274 3877 aesque
1287 3807 1340 3878 ns]
1359 3793 1405 3876 sp‘s
1422 3822 1490 3877 quae
1503 3807 1548 3861 nis

399 3900 447 3969 qui
459 3899 494 3963 8,
512 3895 842 3967 absqueeoseaadqueis
857 3897 882 3949 T
984 3895 1028 3966 de]
1041 3893 1376 3963 inAseds'dem555do
1483 3892 1548 3947 tido-

398 3985 472 4040 lios
523 3985 556 4039 14
574 3983 800 4052 aeimmolavit
815 3983 840 4035 Τ
889 3983 923 4035 18
940 3997 1021 4049 quam
1037 3981 1062 4033 T
1122 3979 1346 4049 praesedernusS
1400 3980 1434 4032 21
1455 3993 1548 4045 carpos

400 4069 491 4134 ΒΗ,
510 4085 605 4140 carpus
620 4069 650 4133 Τ,
663 4068 753 4138 carpis
764 4069 811 4123 Ao
897 4067 932 4121 93
950 4066 995 4121 dei
1008 4083 1058 4121 mro.
1076 4068 1101 4120 T
1167 4065 1192 4119 si
1205 4065 1246 4120 eh.
1260 4080 1313 4119 non
1326 4066 1390 4119 sunt
1404 4064 1430 4117 L
1442 4079 1463 4118 s.
1477 4063 1494 4117 1.

399 4156 467 4212 itant
479 4156 586 4212 Lm
598 4161 625 4209 et
637 4156 775 4218 Zonaras,
787 4154 858 4209 fiunt
867 4154 896 4219 S,
910 4152 1042 4222 quomodo
1054 4152 1219 4207 christianos
1231 4151 1337 4205 iaciunt
1349 4169 1365 4205 v
1418 4151 1467 4203 aut
1478 4148 1549 4218 quod

400 4242 437 4308 8,
454 4241 567 4311 Mones
579 4245 739 4310 oneratque
755 4243 780 4294 Τ
