4009 5034
421 377 442 442 6
815 372 964 431 Caecilii
982 372 1147 443 cypriani

294 556 298 563 ’
420 529 593 596 crederem:
622 528 777 596 ricuidis
801 528 1039 596 adhaerentibus
1058 528 1268 595 obsecundans
1287 546 1388 607 eram,
1415 528 1558 610 despera-

419 630 505 696 tione
525 630 691 696 meliorum
710 630 804 696 malis
826 630 904 696 meis
925 630 1014 696 uelut
1033 629 1099 696 iam
1118 629 1252 715 propriis
1277 647 1314 695 ac
1332 629 1506 697 namaculis
1525 628 1559 695 et

420 731 577 801 fauebam.
606 733 662 801 sed
681 735 846 817 postquam
868 731 969 799 undae
989 729 1145 818 genatalis
1165 731 1281 799 anxilio
1301 730 1468 816 superioris
1487 728 1558 797 aeui

419 834 491 901 labe
505 835 628 901 detersa
641 834 675 901 in
689 834 847 918 expiatum
860 835 969 918 pactus
984 852 1022 899 ao
1035 853 1150 918 purum
1165 833 1296 917 desuper
1309 851 1343 899 se
1355 833 1463 899 lumen
1476 830 1559 898 infu-

420 935 484 1017 dit,
505 938 673 1021 postquam
687 936 818 1003 caelitus
831 934 946 1019 spiritu
956 935 1070 1001 hausto
1084 935 1118 1000 in
1131 951 1248 1001 nonum
1262 953 1314 1001 me
1327 935 1487 1002 hominem
1500 952 1557 1000 na·
1580 963 1590 1000 s

417 1039 530 1105 tiuitaa
555 1040 689 1105 secunda
709 1038 883 1122 repararit,
897 1039 1016 1103 mirum
1029 1037 1064 1103 in
1077 1039 1207 1104 modum
1220 1038 1363 1120 protinus
1377 1035 1557 1104 confirmare

418 1157 452 1205 se
466 1139 577 1219 dubia,
598 1141 704 1224 patera
718 1141 838 1218 elenen,
861 1141 964 1205 lucere
978 1139 1157 1219 tenebrosa,
1178 1137 1362 1205 facultatem
1381 1139 1456 1204 dare
1475 1138 1557 1223 quod

417 1242 506 1326 priua
520 1240 649 1308 difficile
667 1241 848 1320 uidebatur,
871 1241 938 1327 geri
957 1258 1049 1324 posse
1070 1243 1153 1324 quod
1173 1240 1354 1326 inpossibile
1374 1240 1555 1324 putabatur,

416 1344 455 1409 nt
468 1345 552 1410 esset
566 1360 732 1429 agnoscere
751 1344 909 1410 terrenum
922 1343 1038 1423 fuisse,
1064 1344 1147 1427 quod
1160 1345 1248 1428 prius
1263 1342 1431 1409 carnaliter
1444 1342 1555 1408 natum

418 1446 542 1513 delictis
562 1445 729 1512 obnoxiam
748 1446 884 1525 uiueret,
906 1444 966 1511 Dei
987 1464 1055 1512 esse
1069 1445 1221 1528 coepisse,
1243 1446 1327 1527 qnod
1339 1444 1405 1511 iam
1420 1441 1555 1529 Spiritus
1567 1469 1590 1509 ιι

417 1548 543 1613 sanctus
557 1547 719 1614 animaret
734 1547 795 1613 scia
805 1546 945 1630 profecto
956 1548 1123 1614 etmecam
1135 1548 1254 1630 pariter
1263 1545 1465 1631 recognoscis,
1480 1546 1555 1629 quid

417 1648 588 1716 debuerit
602 1648 692 1714 nobis
712 1647 827 1733 quidne
841 1647 1011 1715 contulerit
1024 1665 1109 1714 mors
1122 1648 1186 1716 ista
1200 1647 1384 1726 criminum,
1407 1645 1476 1713 nita
1489 1646 1556 1712 uir·

416 1751 533 1816 tutam.
556 1750 618 1817 seis
632 1751 713 1832 ipse,
736 1768 792 1816 nec
805 1750 959 1834 praedico.
981 1749 1171 1833 inpropriae
1184 1749 1294 1816 landes
1308 1750 1415 1816 odiosa
1428 1749 1555 1816 iactatio

417 1853 481 1918 est:
504 1850 649 1934 quamuis
676 1868 738 1917 non
761 1851 915 1918 iactatum
940 1851 1042 1935 possit
1064 1869 1132 1917 essa
1154 1851 1210 1917 sed
1234 1852 1379 1936 gratam,
1407 1849 1554 1934 quicquid

416 1971 478 2020 non
490 1953 606 2019 uirtuti
625 1953 762 2020 hominis
782 1953 986 2032 adscribitur,
1010 1953 1065 2019 sed
1078 1953 1117 2019 de
1131 1952 1191 2018 Dei
1205 1971 1333 2019 munere
1346 1952 1588 2038 praedicamus

416 2055 454 2121 ut
474 2055 541 2120 iam
559 2073 622 2121 non
641 2073 767 2139 paccare
781 2074 848 2122 assa
869 2055 1006 2139 coeperit
1019 2054 1107 2136 fidei,
1130 2055 1212 2138 quod
1232 2056 1306 2121 ante
1319 2056 1480 2138 peccatum
1494 2058 1552 2132 ast,

416 2155 513 2223 inerit
527 2156 639 2224 erroris
652 2157 791 2224 humani.
813 2157 873 2223 Dei
888 2158 952 2236 est,
974 2158 1116 2240 inquam,
1138 2156 1197 2222 Dei
1212 2174 1320 2235 omne,
1348 2158 1431 2240 qaod
1443 2173 1554 2240 possu-

416 2276 498 2324 mus.
520 2258 595 2324 inde
609 2258 763 2337 uiuimus,
785 2259 858 2324 inde
872 2259 1045 2343 pollemus,
1067 2257 1141 2324 inde
1155 2259 1283 2342 sumpto
1296 2260 1330 2324 et
1344 2259 1490 2340 concepto
1505 2258 1555 2323 ui-

415 2376 491 2444 gore
504 2360 557 2425 hic
574 2360 676 2426 adhuc
691 2359 787 2442 positi
798 2359 974 2426 futurorum
985 2360 1101 2426 indicia
1116 2360 1361 2443 praenoscimus:
1378 2359 1422 2425 ait
1431 2360 1555 2425 tantmn

365 2504 368 2513 -
414 2461 511 2528 timor
524 2460 717 2527 innocentiae
736 2462 854 2538 custos,
876 2462 914 2526 nt
934 2460 988 2544 qni
1009 2461 1043 2526 in
1058 2464 1179 2528 mentes
1198 2461 1320 2527 nostrus
1343 2459 1590 2545 indulgentiaoso

416 2562 560 2631 caelestis
574 2562 705 2649 adlapsa
717 2563 885 2630 elementer
899 2563 1054 2629 Dominus
1068 2562 1202 2647 influxit,
1217 2562 1251 2628 in
1262 2562 1359 2630 animi
1370 2552 1554 2630 oblectantia

467 2757 693 2828 laio]signiaP
754 2757 1005 2828 atdeaperationeo
1076 2759 1230 2816 aselano
1308 2758 1459 2817 uanaoulis
1475 2759 1503 2814 P

415 2842 577 2899 etfanobam
588 2842 632 2908 W,
649 2841 795 2899 offanebarn
801 2842 871 2909 ΜΒ,
881 2842 1007 2898 iacebam
1013 2843 1373 2910 Pr,0ffruaoachlca·cs,
1393 2840 1553 2898 manebam

412 2928 600 2998 oetAopost.
613 2928 663 2983 lc.
716 2927 1007 2997 amuco1mundiu
1055 2929 1187 2999 genitalis
1203 2928 1268 2985 WP
1312 2929 1473 2986 decreram
1483 2927 1549 2984 cdd.

409 3019 474 3082 post
484 3013 722 3083 pootuchlassius
773 3011 791 3069 6
800 3019 865 3082 post
876 3014 1016 3082 roparauit
1027 3013 1131 3070 amaa
1141 3015 1176 3070 ios
1186 3014 1421 3084 Mapoprcplacm
1430 3015 1551 3081 maru

413 3098 641 3169 (imprecabor
657 3098 1120 3169 diosopoprcpbopraaramm
1141 3099 1299 3169 epistolium
1314 3098 1388 3154 clad
1408 3099 1551 3168 mucium,

411 3183 487 3254 cuod
503 3198 519 3238 c
534 3182 628 3240 codice
649 3183 845 3239 ermom
859 3184 969 3253 primeca
980 3184 1070 3240 edidit
1083 3185 1240 3240 Pometiae:
1259 3199 1388 3240 neruus
1408 3199 1551 3240 amaro

412 3282 504 3324 camo
521 3283 558 3324 rs
574 3266 692 3323 rotinere
703 3268 873 3324 saudauma
884 3267 1031 3340 cypriane,
1050 3285 1119 3341 quaa
1136 3270 1214 3326 nobis
1230 3270 1318 3325 morit
1335 3271 1407 3342 apud
1418 3272 1551 3325 oratorem

412 3354 545 3424 (oratores
565 3354 592 3423 o)
612 3353 774 3424 garrulitas,
792 3371 861 3409 unus
880 3370 987 3421 sensns,
1006 3356 1216 3426 unacogitatio,
1235 3356 1377 3412 indiuidua
1398 3356 1479 3411 lectio
1498 3355 1551 3425 (di-

411 3438 495 3494 lectio
507 3438 664 3508 Bolosicoe).
682 3439 769 3506 Quare
780 3455 834 3495 nou
850 3441 879 3496 at
894 3439 924 3495 iu
941 3440 1037 3496 diuina
1056 3441 1172 3497 lectione
1192 3442 1234 3496 ita
1256 3441 1356 3497 animis
1375 3440 1549 3496 roboramur?

412 3525 524 3580 autnon
536 3539 570 3578 aa
582 3540 687 3594 semper
695 3523 772 3580 nobis
784 3524 840 3579 snit
848 3525 989 3596 cogitatio,
1003 3526 1262 3596 sicntpromittobaa
1270 3526 1504 3597 (promittebamus
1513 3528 1548 3595 o).

411 3608 539 3664 utrimnl
550 3608 716 3664 crederemus
776 3612 921 3681 caeperunt
931 3611 1088 3668 confirmare
1099 3611 1163 3666 ΜΒ
1226 3611 1403 3672 iscoraM
1464 3611 1549 3681 bag·

411 3693 535 3749 murm
591 3693 1013 3762 lorelectirar·‚direcca1>·
1062 3682 1229 3765 aradis
1290 3696 1497 3769 usurpans

411 3781 640 3850 recognoscendi·
709 3781 748 3841 13
765 3781 1047 3854 pradicoinpropn'as
1058 3784 1158 3841 laudea
1177 3786 1301 3844 Ocioaar
1361 3786 1400 3843 14
1417 3783 1546 3855 quidquid

412 3864 457 3920 Po
510 3865 826 3936 lbairtuti1uiriumB
889 3867 1036 3924 doooaM
1096 3870 1179 3927 (ΜΡ
1242 3871 1547 3942 lompauopnaa:

412 3949 483 4019 quod
534 3952 704 4007 nonom.W
751 3953 914 4008 camma?
964 3954 1123 4024 caperitW
1167 3957 1382 4015 wastenaco
1427 3955 1466 4015 18
1484 3955 1546 4011 inde

410 4034 543 4107 pollemus
564 4036 614 4094 ora.
637 4037 676 4092 Μ
735 4037 848 4125 nigrore
862 4037 891 4093 Β
955 4038 997 4097 20
1014 4040 1063 4110 qni
1078 4041 1261 4108 WVPBM1,
1279 4042 1420 4112 qniaM²,
1438 4040 1545 4111 qnodo,

411 4120 535 4178 dominns
555 4123 604 4193 qui
624 4124 767 4181 Pometios
827 4125 866 4184 21
884 4125 994 4182 influxit
1011 4127 1122 4194 WMB,
1149 4128 1260 4185 infulsit
1272 4130 1340 4195 PV,
1363 4129 1463 4184 inluxit
1483 4128 1545 4184 Mo·

411 4207 508 4264 relliac
560 4209 650 4265 animo
666 4210 714 4276 W,
732 4210 830 4266 animis
842 4211 890 4266 M·
947 4210 1166 4269 oblectantoaP¹
