4009 5034
680 372 726 426 De
745 369 917 426 dominica
933 369 1090 426 oratione
1108 385 1131 424 a.
1148 369 1259 425 22-25.
1480 369 1547 437 285

407 529 454 596 sic
467 545 524 596 nec
544 526 730 594 sacrificium
745 526 832 593 Deus
851 525 964 609 recipit
978 523 1159 591 dissidentis
1173 525 1260 591 stab
1275 523 1369 591 altari
1384 525 1545 591 reuerten-

406 633 473 699 tem
486 633 574 716 prius
592 629 684 696 fratri
704 628 898 696 reconciliari
919 629 1025 708 iubet,
1047 629 1085 695 ut
1098 627 1236 712 pacificis
1250 628 1395 711 precibus
1409 629 1442 694 et
1455 629 1544 693 Deus

406 733 505 818 possit
519 752 585 800 esse
598 736 738 817 pacatus.
761 730 951 799 sucmdcium
971 731 1038 798 Deo
1058 731 1162 797 maius
1178 733 1227 796 est
1240 749 1301 815 pax
1314 733 1420 796 nostra
1435 732 1467 797 et
1480 730 1546 796 ira·

406 838 495 902 term
508 836 669 904 ooncordia
690 838 723 903 et
744 835 784 904 de
804 834 926 902 unitate
947 833 1056 901 Patris
1077 835 1111 901 et
1131 833 1207 900 Filii
1229 835 1262 901 et
1284 833 1422 918 Spiritus
1445 832 1546 900 sancti

371 961 384 1002 a
405 938 494 1022 plebs
509 939 655 1006 munau.

447 1039 556 1124 Neque
578 1039 716 1107 enimin
738 1039 898 1108 sacrificiis
920 1056 999 1122 quae
1021 1038 1103 1105 Abel
1118 1040 1150 1105 et
1164 1038 1240 1105 Cain
1253 1038 1350 1121 primi
1364 1038 1547 1121 optulerunt
1556 1032 1602 1097 24

405 1162 534 1210 munera
554 1162 662 1210 eorum
682 1144 787 1223 Deus,
810 1145 866 1210 sed
888 1144 980 1208 corde
1000 1142 1197 1220 intuebatur,
1219 1142 1256 1205 ut
1277 1142 1332 1207 ille
1354 1141 1492 1225 placeret
1511 1141 1546 1207 in

405 1263 531 1312 munere
545 1245 600 1330 qui
614 1246 758 1330 placabat
772 1246 807 1312 in
822 1245 922 1313 eorda.
946 1244 1029 1310 Abel
1043 1244 1190 1327 pacificus
1205 1244 1238 1308 et
1252 1242 1373 1321 iustus,
1389 1243 1467 1309 dum
1478 1243 1545 1309 Deo

405 1348 559 1414 merificat
584 1349 779 1429 innocenter,
801 1347 909 1415 docuit
923 1348 955 1413 et
969 1349 1102 1426 ceteros,
1125 1347 1248 1428 quando
1262 1346 1303 1411 ad
1318 1346 1416 1412 altare
1430 1362 1546 1412 munus

370 1448 555 1529 sasierunt,
578 1449 624 1516 sic
646 1450 753 1516 nonme
776 1468 849 1516 cum
869 1449 930 1515 Dei
952 1448 1081 1527 timore,
1104 1466 1177 1513 cum
1191 1446 1328 1530 simplici
1343 1445 1450 1526 conde¹
1473 1464 1546 1511 eum

404 1553 475 1638 lege
489 1553 644 1632 iustitiae,
666 1571 739 1619 oum
754 1551 933 1620 concordiae
947 1568 1032 1633 pace.
1056 1551 1171 1616 merito
1185 1549 1240 1615 ille
1255 1547 1331 1614 dum
1346 1548 1380 1614 in
1394 1546 1546 1614 sacrificio

403 1655 463 1720 Dei
477 1655 552 1720 talis
566 1655 629 1733 est,
646 1655 712 1739 ipse
726 1655 927 1737 postmodum
942 1652 1129 1719 sacrificium
1139 1652 1204 1716 Deo
1216 1651 1318 1717 iactus
1330 1652 1392 1729 est,
1408 1653 1445 1716 ut
1458 1668 1546 1715 mar·

404 1756 524 1841 tyrium
537 1756 659 1839 primus
673 1756 838 1822 ostendens
852 1755 993 1821 initiaret
1008 1752 1170 1838 sanguinis
1182 1751 1232 1819 sui
1243 1751 1344 1837 gloria
1354 1752 1546 1818 dominicam

405 1858 579 1940 passionem
593 1859 648 1941 qui
662 1859 694 1925 et
709 1858 868 1925 iustitiam
883 1856 1012 1922 Domini
1033 1855 1186 1921 habuerat
1200 1854 1232 1920 et
1246 1872 1364 1937 pacem.
1386 1855 1469 1920 tales
1489 1853 1546 1919 de-

372 1977 397 2018 1⁵
406 1961 500 2044 nique
514 1980 534 2027 a
547 1960 681 2026 Domino
705 1963 911 2038 coronantur,
933 1959 1014 2023 tales
1039 1959 1074 2023 in
1099 1958 1150 2022 die
1175 1956 1284 2022 iudicii
1310 1976 1383 2023 cum
1410 1955 1549 2022 Domino

406 2062 656 2129 uindicabuntur.
680 2064 820 2128 ceterum
832 2061 1010 2127 discordans
1022 2063 1055 2126 et
1063 2058 1217 2125 dissidens
1228 2061 1262 2123 et
1272 2077 1380 2142 pacem
1392 2076 1464 2124 cum
1479 2056 1548 2122 fra·

406 2164 508 2229 tribus
533 2182 593 2229 non
614 2164 748 2243 habens,
771 2164 944 2231 secundum
970 2163 1054 2245 quod
1078 2163 1190 2228 beatus
1219 2161 1379 2244 apostolus
1405 2164 1438 2227 et
1467 2160 1546 2224 scri-

406 2265 500 2348 ptura
512 2266 620 2331 sanctu
639 2267 793 2347 testatur,
818 2285 876 2333 nec
891 2266 919 2332 si
933 2283 988 2348 pro
1003 2264 1129 2331 nomine
1144 2263 1264 2331 amisus
1289 2263 1401 2341 fuerit,
1428 2262 1547 2329 crimen

407 2366 606 2434 dissensionis
626 2369 780 2435 saumae
806 2368 922 2451 poterit
943 2367 1088 2446 euadere,
1111 2367 1187 2449 quia
1211 2365 1294 2431 sicut
1318 2365 1472 2446 scriptum
1497 2364 1547 2430 est

346 2467 472 2552 aqui
493 2469 658 2535 fratrem
679 2487 789 2536 suum
820 2469 908 2535 odit
935 2468 1133 2535 homicida
1158 2469 1233 2548 est,
1266 2485 1323 2533 neo
1347 2467 1388 2532 ud
1414 2484 1547 2552 regnum

409 2567 588 2658 [caelorum]
605 2572 748 2654 peruenit
761 2573 818 2637 aut
832 2591 903 2638 cum
920 2574 986 2638 Deo
1000 2572 1084 2636 uiuit
1096 2570 1264 2636 homicida.
1286 2587 1347 2635 non
1361 2571 1465 2651 potest
1480 2585 1547 2632 esse

408 2689 480 2736 cum
495 2671 618 2738 Christo
632 2673 688 2755 qui
703 2673 848 2739 imitator
860 2672 960 2739 Iudae
979 2674 1095 2738 maluit
1109 2690 1176 2738 esse
1191 2691 1287 2755 quam
1302 2669 1431 2737 coristi.
1455 2669 1547 2752 quale

408 2771 560 2839 delictum
581 2775 629 2840 est
650 2775 733 2858 quod
754 2793 811 2840 nec
831 2775 990 2858 baptismo
1011 2773 1174 2860 sanguinis
1196 2774 1300 2857 potest
1321 2771 1426 2851 ablui,
1455 2770 1547 2855 quale

409 2875 525 2943 crimen
541 2877 684 2959 estquod
698 2876 850 2962 martyrio
865 2896 927 2943 non
941 2878 1045 2960 potest
1059 2876 1193 2961 expiari!

375 3002 401 3045 a
451 2979 538 3045 Illud
552 2997 674 3062 qnoque
684 2981 855 3047 necmsarie
864 2980 971 3046 monet
985 2978 1140 3045 Dominus
1151 2981 1188 3044 ut
1198 2979 1231 3044 in
1241 2978 1378 3043 oratione
1388 2976 1547 3043 dieamum
1561 2979 1604 3042 25

410 3084 450 3149 et
482 3100 526 3148 ne
558 3082 728 3165 patiaris
758 3100 826 3149 noe
861 3082 997 3148 induci
1019 3082 1059 3148 in
1080 3081 1395 3166 temptationem.
1430 3077 1550 3162 quain

410 3184 497 3268 parte
512 3184 686 3252 ostenditur
698 3185 781 3252 nihil
801 3187 909 3253 contra
932 3204 989 3252 nos
1015 3185 1230 3252 aduersarium
1250 3200 1354 3267 posse,
1378 3182 1438 3247 nisi
1464 3181 1550 3247 Deus

513 3354 548 3408 20
565 3353 629 3408 IIo.
643 3355 669 3420 3,
682 3356 723 3409 15.

463 3473 532 3528 lad
551 3490 618 3528 seor.
635 3474 661 3529 d.
678 3474 832 3544 rospicitV
920 3474 1120 3529 ‹iissedcntied
1198 3472 1328 3528 alteroS
1412 3472 1549 3527 dracone.

410 3556 530 3612 inanit)
575 3558 769 3628 3paecotusG
827 3558 934 3614 solis
978 3557 1134 3614 tineas
1178 3556 1401 3611 iiuducbetan
1445 3558 1551 3610 licum

412 3643 497 3698 aas
547 3645 581 3698 11
598 3645 820 3701 anomaeos
872 3628 1017 3730 minas
1066 3644 1282 3716 regratiamur
1330 3641 1502 3698 somnias

412 3730 447 3784 14
457 3729 502 3783 dei
515 3732 554 3786 W
615 3731 650 3785 15
667 3731 752 3786 iudici
765 3731 939 3797 munire
1012 3733 1045 3787 16
1063 3730 1354 3792 uindieabunturW0‚
1373 3725 1552 3782 uindicabunt

414 3814 444 3882 8,
464 3814 667 3886 iudicabunto,·
686 3817 723 3885 cs.
736 3822 831 3873 tumea
847 3817 926 3886 epist.
948 3821 985 3874 81
1005 3834 1028 3872 o.
1043 3821 1077 3873 2.-
1095 3816 1262 3872 iudioaturos
1278 3830 1327 3869 uos
1343 3817 1372 3868 et
1391 3814 1552 3882 regnaturos

412 3916 473 3956 cum
485 3900 595 3958 Christo
607 3902 721 3958 Domino
785 3919 887 3958 amum
901 3906 926 3958 G
978 3904 1012 3959 17
1030 3903 1186 3973 seeundum]
1199 3900 1323 3956 secumS
1376 3897 1471 3952 beatos
1488 3911 1552 3964 apo·

412 3987 497 4042 stolos
510 3989 547 4042 G'
653 3990 688 4045 18
704 3988 901 4055 nomineSW,
920 3989 1028 4044 nomine
1046 3989 1105 4045 cius
1125 3989 1162 4053 V,
1191 3988 1238 4042 ihu
1259 3987 1367 4042 nomiae
1384 3987 1422 4049 G,
1444 3982 1552 4039 nomine

413 4072 539 4130 christia
612 4073 792 4130 21eeelorum
803 4091 855 4131 om.
868 4074 906 4143 S,·
925 4077 961 4143 of.
973 4092 1001 4145 p.
1015 4078 1081 4140 294,
1094 4077 1132 4130 12
1201 4073 1259 4143 aut]
1272 4073 1336 4128 ntG
1388 4072 1500 4125 muatG

412 4158 449 4214 22
465 4158 626 4215 imitaturS
720 4160 755 4215 23
772 4160 933 4231 baptissimo
952 4160 976 4217 S
1059 4161 1096 4216 25
1113 4162 1230 4215 assonet
1246 4158 1284 4223 8,
1311 4157 1437 4213 admouet
1452 4159 1502 4213 We

413 4244 449 4299 26
468 4247 498 4299 et
517 4247 606 4302 oum}
709 4248 823 4316 patieris
843 4246 1046 4317 (passueiueris
1061 4248 1097 4319 V)
1120 4246 1211 4302 induci
1231 4262 1280 4301 nos
1294 4246 1362 4315 GV,
1379 4261 1427 4300 nos
1437 4241 1553 4315 patiaris

414 4329 542 4386 inducia
