4009 5034
621 371 669 427 Ad
686 369 910 425 Fortunatam
928 369 1034 439 praei.
1055 384 1077 422 6.
1095 368 1174 423 2-5.
1448 371 1512 435 319

373 527 449 594 sica
473 524 664 593 inde'auros
694 524 868 609 erigantur,
892 524 964 590 indo
993 524 1192 590 instruantur
1221 524 1358 602 mentes,
1381 521 1453 589 indo
1482 523 1516 587 et

375 630 473 696 animi
488 631 521 694 et
535 627 671 710 eorporis
686 627 770 692 uires
784 626 825 691 ad
840 644 964 692 omnem
985 625 1140 709 passionis
1155 626 1355 692 tolerantiam
1370 625 1515 690 roboren-

375 733 438 798 tur.
461 749 517 798 nos
531 731 656 796 tantum
678 729 733 813 qui
753 729 888 795 Domino
903 728 1106 810 permittente
1120 729 1260 812 primum
1275 729 1435 811 baptisma
1449 746 1516 792 ore·

377 835 524 900 dentibus
545 832 689 898 dedimus
712 830 753 896 ad
778 830 865 896 aliud
889 849 1013 914 quoque
1039 831 1180 916 singulos
1206 849 1425 914 praeparemus
1440 829 1519 895 insi·

343 958 355 997 s
377 940 510 1003 nuantes
532 939 565 1002 et
586 935 730 1001 dooentes
743 934 801 1000 hoo
816 952 881 999 esse
896 934 1054 1017 baptisma
1069 935 1102 999 in
1117 935 1222 1018 gratis
1234 934 1354 1012 maius,
1377 935 1409 998 in
1432 933 1520 1016 pote·

379 1042 462 1105 stato
484 1038 669 1116 sublimius,
690 1038 723 1102 in
749 1037 863 1102 honoro
876 1036 1061 1119 pretiosius,
1085 1037 1244 1120 baptisma
1268 1038 1301 1102 in
1328 1053 1388 1119 quo
1416 1034 1521 1118 angeli

379 1143 558 1225 baptizant,
582 1140 740 1224 baptisma
754 1139 786 1205 in
802 1157 862 1223 quo
876 1140 963 1205 Deus
978 1141 1011 1205 et
1026 1137 1171 1206 Christus
1192 1141 1259 1206 eius
1280 1140 1437 1217 exultant,
1463 1136 1521 1202 ba·

380 1244 499 1327 ptisma
513 1244 584 1326 post
598 1241 681 1325 quod
695 1259 785 1307 nemo
800 1243 865 1307 iam
886 1244 1012 1324 666661,
1036 1242 1196 1325 baptisma
1212 1242 1294 1325 quod
1310 1242 1382 1308 fidei
1397 1242 1521 1306 nostrae

382 1348 575 1413 incrementa
589 1347 801 1424 6666666161,
817 1345 976 1430 baptisma
990 1345 1073 1427 quud
1088 1363 1145 1411 nos
1160 1346 1199 1412 (16
1215 1346 1332 1412 mundo
1347 1344 1523 1412 resedentes

348 1450 494 1514 rostatim
516 1450 582 1513 Deo
605 1447 739 1528 oopulat.
762 1447 795 1511 in
817 1466 915 1529 aquae
937 1448 1095 1528 baptismo
1116 1449 1312 1531 accipiuntur·
1326 1448 1525 1530 peecatorum

384 1551 531 1631 remissa,
554 1550 589 1615 in
615 1549 776 1633 sanguinis
803 1567 912 1616 eorona
939 1551 1106 1616 uirtutum.
1130 1551 1347 1633 amplectenda
1367 1569 1417 1616 res
1432 1552 1480 1614 est
1494 1550 1527 1612 et

385 1653 521 1737 optanda
535 1655 568 1717 et
582 1651 727 1715 omnibns
739 1652 986 1734 postulationum
997 1654 1178 1716 nostrarum
1190 1653 1336 1733 precibus
1347 1650 1525 1734 expetenda,

385 1755 423 1818 ut
437 1755 491 1836 qui
508 1754 591 1818 serui
606 1753 665 1819 Dei
680 1753 799 1819 fuimus
815 1753 914 1818 simus
931 1756 963 1817 ot
978 1753 1082 1817 amisi.

430 1856 469 1920 In
484 1855 682 1919 exhortandis
698 1856 803 1937 itaque
818 1874 855 1920 ao
868 1855 1014 1937 parandis
1029 1854 1182 1920 fratribus
1204 1856 1321 1921 nostris
1343 1860 1376 1921 et
1399 1854 1557 1922 uirtutisi

351 1985 377 2023 6
387 1976 423 2023 ao
438 1957 511 2023 fidei
527 1957 678 2022 firmitate
693 1958 733 2022 ad
747 1959 946 2040 praeeonium
961 1957 1138 2022 dominicae
1155 1957 1355 2024 consessionis
1370 1956 1469 2038 adque
1490 1956 1529 2021 ad

387 2060 541 2143 prooiium
552 2059 776 2142 persecutionis
791 2063 824 2125 et
837 2061 990 2141 passionis
1002 2060 1162 2124 armandis
1177 2060 1279 2143 primo
1296 2060 1328 2124 in
1344 2060 1410 2124 1666
1425 2059 1531 2125 (11666-

388 2161 464 2227 dum
480 2164 545 2227 est:

493 2298 520 2363 1.
544 2296 635 2364 Idola
649 2299 723 2364 (1666
738 2316 798 2362 666
813 2315 880 2363 6666
894 2317 974 2379 quae
987 2298 1082 2363 homo
1097 2298 1158 2364 sibi
1175 2298 1324 2363 faeiat-
1334 2317 1435 2381 neque
1450 2298 1533 2364 enim

545 2417 623 2481 quae
649 2399 730 2464 fiunt
755 2398 870 2464 factore
890 2418 947 2465 sno
967 2401 1000 2465 et
1024 2400 1211 2466 fabricatore
1232 2402 1352 2466 maiora
1365 2402 1455 2478 suut,
1478 2404 1535 2466 aut

358 2532 385 2572 20
547 2501 710 2586 protegere
732 2503 764 2566 et
784 2520 908 2567 seruare
930 2522 1120 2585 quemquam
1149 2505 1279 2586 possunt
1306 2522 1386 2586 quae
1408 2503 1477 2587 ipsa
1497 2504 1535 2568 (16

549 2605 676 2686 templis
703 2605 769 2669 suis
794 2607 941 2687 pereunt,
965 2605 1027 2669 nisi
1052 2605 1092 2669 ab
1108 2605 1234 2670 homine
1248 2608 1468 2671 seruentur-
1482 2606 1536 2670 sod

549 2724 606 2772 nec
620 2706 775 2772 elementa
790 2708 917 2773 oolenda
932 2726 999 2774 esse
1014 2727 1094 2790 qnae
1108 2707 1229 2773 homini
1244 2709 1416 2774 seeundum
1431 2708 1537 2792 dispo·

550 2809 697 2874 sitionem
712 2812 744 2875 et
759 2814 959 2893 praeseptum
973 2810 1033 2874 Dei
1049 2812 1200 2875 seruiunt.

484 2911 527 2975 11.
551 2911 729 2975 Destruotis
763 2910 856 2976 idolis
885 2915 917 2977 et
946 2912 1172 2977 elementorum
1214 2913 1333 2979 ratione
1369 2914 1541 2978 monstrata

300 3013 315 3098 s
363 3035 389 3075 66
552 3013 777 3077 ostendendum
792 3015 894 3079 Deum
907 3015 1010 3079 solum
1025 3013 1189 3079 colendum
1205 3034 1281 3081 esse.

466 3114 524 3179 III.
549 3114 638 3179 Tunc
653 3114 828 3180 addendum
844 3134 922 3198 qnae
946 3116 1149 3182 comminatio
1171 3117 1231 3182 Dei
1254 3119 1298 3182 sit
1319 3119 1468 3184 aduersus
1491 3136 1542 3184 eos

553 3217 609 3299 qui
623 3215 718 3281 idolis
732 3218 916 3284 sacrificant.

457 3439 472 3492 1
491 3436 662 3492 bistruantur
674 3442 777 3493 menso
791 3439 819 3494 11
869 3442 887 3496 4
906 3442 1088 3512 insinuantes]
1102 3442 1268 3497 instruentes
1284 3443 1311 3498 V
1369 3446 1385 3497 1
1403 3431 1453 3499 dus
1466 3445 1494 3500 11

403 3524 494 3578 81616
507 3524 635 3580 namoM
707 3526 742 3580 10
759 3528 853 3597 aquae]
867 3545 935 3597 quae
948 3529 977 3584 11
1043 3529 1178 3599 accipitur
1190 3531 1271 3586 MRo
1324 3533 1375 3587 '11
1394 3532 1546 3600 sanguinis]

405 3608 540 3678 baptismo
552 3609 619 3664 66161.
633 3611 681 3664 M¹
693 3617 719 3664 61
732 3611 870 3666 Baiusises
935 3618 1042 3668 ostona.
1057 3615 1151 3669 MRB
1216 3618 1249 3669 12
1267 3616 1428 3685 expectanda
1440 3617 1496 3672 RB

405 3695 439 3747 13
458 3694 559 3749 inimus
577 3695 746 3763 WMRBV,
765 3714 890 3755 6616666
961 3700 994 3754 14
1014 3701 1144 3769 parandis
1160 3702 1339 3768 WMOEBV,
1358 3703 1549 3773 praeparandis

405 3780 470 3834 M'o
523 3781 647 3851 uirtutis]
661 3784 786 3837 ueritatis
795 3785 930 3848 Μ,66(16.
944 3787 1008 3840 toa
1022 3789 1056 3839 2:
1075 3787 1191 3841 unitatis
1247 3788 1503 3844 marmistensi

406 3864 441 3918 ad
454 3865 608 3934 preconium
621 3869 792 3936 6666666616
805 3870 842 3925 Μ
851 3874 919 3924 aa?
990 3869 1026 3925 ad
1047 3873 1179 3940 proelium
1202 3890 1237 3928 66
1259 3874 1363 3943 proolio
1385 3875 1422 3929 M
1431 3880 1497 3929 m.2

407 3951 442 4005 16
460 3951 607 4006 6666116616
620 3953 648 4008 11
729 3957 759 4008 61
769 3970 820 4010 oso.
834 3956 872 4010 Μ
955 3956 1285 4027 666616616Μ6161.2
1366 3961 1395 4016 16
1408 3977 1459 4015 orn.
1472 3962 1500 4018 11

408 4036 552 4093 18166116
606 4039 640 4091 19
652 4040 732 4110 quael
745 4041 875 4109 queMs.
890 4042 908 4095 1.
920 4048 988 4097 662
1041 4042 1233 4099 fabricatorem
1246 4046 1274 4101 11
1325 4046 1501 4115 roselanus

408 4121 445 4174 22
462 4122 531 4191 esso]
549 4138 607 4177 6666
625 4122 683 4178 6166
702 4125 811 4179 deorum
829 4126 902 4182 1161
923 4128 1013 4182 Oxou
1102 4129 1553 4204 13161616666666166616666·

409 4205 491 4260 ninnt
505 4207 533 4261 Β
584 4206 811 4267 6466666611
872 4213 907 4266 26
925 4213 1077 4268 addendum
1092 4231 1149 4270 ssse
1163 4216 1199 4270 M
1258 4217 1292 4272 21
1311 4220 1504 4275 666611666611
