4009 5034
807 319 945 376 Tastina
963 317 1004 384 11,
1016 316 1057 377 30
1068 346 1102 357 -
1114 314 1168 371 m.
1482 310 1544 379 101

410 477 513 564 uobis,
544 475 692 561 quamdiu
712 492 775 540 non
802 472 921 540 fecistis
943 471 999 537 uni
1027 489 1064 535 ex
1084 468 1227 535 minimis
1248 465 1315 545 his,
1344 451 1445 548 neque
1465 463 1546 529 mihi

410 580 534 646 fecistis.
557 581 590 647 ct
602 579 695 646 ibunt
710 577 767 644 isti
781 576 816 643 in
828 576 937 662 ignem
951 575 1130 651 aeternum,
1160 568 1238 637 inu
1259 569 1367 636 autem
1388 567 1423 634 in
1444 565 1548 633 uitam

410 682 572 750 aeternam

772 1398 922 1465 LIBER
951 1392 1178 1462 TERTIVS.

382 1669 394 1709 t
576 1651 818 1710 cYPmarevs
834 1653 1024 1722 QVIBINO
1040 1651 1165 1708 FILIO
1182 1650 1390 1708 SALVTEM.

456 1763 523 1860 Pro
537 1789 598 1856 tide
611 1809 647 1856 ac
659 1790 823 1857 deuotione
836 1791 908 1872 tua,
931 1810 1027 1874 quam
1041 1790 1176 1857 Domino
1190 1788 1258 1855 Deo
1273 1788 1416 1869 exhibes,
1436 1788 1485 1854 fili
1499 1808 1553 1855 ca·

415 1892 552 1972 tlssime,
573 1891 699 1975 petisti,
720 1895 759 1959 ut
772 1893 813 1959 ad
827 1892 1047 1960 instruendum
1061 1893 1094 1959 te
1109 1910 1304 1976 excerperem
1330 1892 1369 1957 de
1388 1890 1553 1973 scripturis

416 1995 529 2059 sanctie
544 1995 694 2078 quamam
708 1995 846 2077 capitula
859 1994 900 2060 ad
913 1995 1095 2078 religiosam
1105 1994 1208 2060 sectae
1218 1994 1344 2059 nosbae
1355 1992 1553 2076 disciplinam

416 2095 615 2178 pertinentia,
637 2096 779 2163 lectionis
807 2095 933 2162 diuinae
959 2095 1151 2162 succinctam
1177 2094 1378 2180 diligentiam
1393 2113 1553 2178 quaerens,

384 2197 455 2262 ¹⁰ut
467 2197 589 2263 animus
602 2198 669 2264 Deo
682 2198 807 2264 deditus
820 2216 882 2264 non
896 2198 1000 2282 longis
1015 2197 1073 2263 aut
1086 2197 1200 2262 multis
1214 2196 1369 2262 librorum
1383 2195 1554 2262 uolumini·

416 2297 475 2364 bus
488 2297 652 2385 fatigetur,
679 2299 733 2366 sed
759 2299 901 2367 eruditus
926 2297 1083 2366 breuiario
1108 2298 1346 2382 praeceptorum
1371 2297 1555 2365 caelestium

417 2399 529 2466 babeat
547 2401 587 2467 ad
609 2401 774 2468 fouendum
793 2401 977 2468 memoriam
998 2420 1090 2467 suam
1104 2400 1230 2466 salubre
1244 2400 1277 2465 et
1291 2399 1409 2486 grande
1422 2419 1555 2484 conpen-

419 2500 515 2568 dium.
539 2505 571 2569 et
595 2503 669 2587 quia
693 2503 755 2569 tibi
781 2504 910 2588 plenum
936 2502 1114 2570 dilectionis
1140 2502 1326 2585 obsequium
1352 2501 1466 2583 debeo,
1493 2501 1554 2568 ieci

417 2602 500 2685 quod
513 2604 635 2687 petisti,
656 2606 695 2669 ut
706 2604 879 2670 laborarem
895 2604 1009 2683 semel,
1023 2623 1063 2670 ne
1076 2605 1114 2670 tu
1128 2621 1251 2686 semper
1265 2604 1432 2671 laborares.
1456 2624 1556 2687 quan·

385 2704 488 2768 return
511 2705 614 2788 potuit
638 2705 746 2790 itaque
759 2704 957 2772 medlocritas
976 2706 1085 2771 nostra
1105 2704 1274 2790 conplecti,
1298 2705 1432 2772 collecta
1446 2707 1556 2773 sunta

417 2824 469 2871 me
482 2806 633 2888 quaedam
647 2809 813 2891 praecepta
834 2808 991 2875 dominica
1004 2808 1038 2873 at
1051 2807 1236 2891 magisteria
1257 2807 1368 2874 diuina
1389 2827 1469 2890 quae
1490 2826 1557 2875 esse

418 2905 451 2971 et
469 2905 574 2973 facilia
593 2911 626 2974 et
646 2907 738 2975 utiba
751 2909 929 2995 legentibus
949 2908 1087 2994 possint,
1110 2909 1187 2974 dum
1202 2909 1236 2976 in
1250 2908 1444 2975 breuiarium
1458 2929 1558 2993 pauca

419 3005 539 3093 digesta
559 3010 591 3075 et
609 3011 760 3077 uelociter
772 3011 977 3096 perleguntur
990 3013 1024 3077 et
1043 3009 1221 3094 frequenter
1241 3010 1404 3076 iterantur.
1428 3012 1501 3095 opto
1515 3011 1557 3095 te,

421 3108 468 3175 fili
482 3111 656 3193 carissime,
671 3131 793 3197 semper
806 3114 885 3180 bene
898 3112 1013 3180 ualere.

472 3296 488 3353 1
506 3296 561 3368 bis]
582 3297 684 3352 istisA
752 3298 1024 3355 astruentium
1092 3298 1152 3368 isti]
1172 3298 1204 3352 bi
1217 3299 1244 3350 B
1314 3297 1407 3368 ignem
1419 3301 1559 3355 scurnum

418 3379 459 3445 A,
485 3380 680 3439 ambustionem
699 3385 837 3440 adernam
861 3384 1008 3441 WLMBu
1122 3383 1157 3438 sd
1177 3382 1321 3451 Quirinum
1340 3386 1374 3440 de
1393 3387 1561 3441 saumeuto

419 3462 516 3521 christi
527 3467 638 3538 explicit
648 3467 718 3523 liber
728 3468 759 3524 11
771 3468 870 3540 incipit
880 3468 950 3524 liber
961 3468 1009 3524 111
1020 3467 1057 3534 Α,
1070 3466 1256 3535 adQuirinum
1268 3467 1339 3524 liber
1349 3469 1381 3525 11
1393 3469 1505 3540 explicit
1513 3470 1560 3538 W,

423 3550 457 3606 sd
468 3552 609 3619 Quirinum
620 3553 694 3610 libor
708 3555 740 3611 11
756 3555 790 3611 de
812 3558 983 3612 summonte
999 3561 1057 3624 exp.
1076 3553 1158 3624 incip.
1177 3553 1339 3610 adeundam
1350 3555 1421 3612 liber
1432 3555 1487 3612 111.
1499 3555 1561 3613 bre-

420 3635 503 3690 uiarii
523 3636 555 3692 de
575 3639 704 3708 capitulis
723 3640 913 3696 mandatorum
935 3640 979 3696 dei
1001 3639 1037 3694 sd
1053 3640 1221 3694 christianae
1232 3639 1375 3710 religionis
1387 3641 1561 3712 disciplinam

420 3720 617 3791 patinentibus
636 3724 718 3795 incip.
740 3725 803 3796 epla
824 3726 912 3782 XIIII
926 3727 966 3790 B,
987 3724 1090 3783 caroffi
1102 3724 1225 3794 cipriani
1245 3723 1280 3778 ed
1292 3724 1435 3793 Quirinum
1447 3725 1519 3782 liber
1529 3726 1561 3783 11

421 3814 471 3878 exp
481 3807 554 3878 incip
566 3808 600 3864 sd
612 3810 724 3866 eundem
744 3816 870 3883 excerpta
889 3811 1071 3883 capitulorum
1088 3826 1201 3866 numero
1218 3809 1291 3865 Lxx
1310 3810 1359 3879 M,
1377 3811 1476 3882 incipIt
1491 3811 1563 3869 liber

422 3893 521 3948 tertius
532 3894 559 3950 L

474 3998 624 4069 baudrino]
637 4001 728 4071 cyrtno
743 4002 772 4059 V
832 4002 851 4060 7
869 4001 1101 4073 exoccuparemL
1167 4000 1186 4059 9
1205 4002 1354 4057 mccintm
1365 4001 1408 4057 ,4¹
1465 4000 1504 4060 12
1521 4000 1563 4058 io·

424 4080 538 4138 nendum
550 4085 580 4140 B
649 4088 687 4145 13
704 4086 756 4143 feci
768 4103 804 4144 ex
814 4087 906 4144 iecisti
916 4088 944 4144 L
1025 4088 1059 4142 17
1078 4091 1108 4143 ot
1120 4089 1199 4158 (cute
1209 4087 1314 4157 facilis)
1326 4102 1377 4143 cae
1392 4086 1512 4146 WMBo

423 4168 583 4241 lundona]
594 4173 722 4242 ganan
733 4175 762 4230 s
832 4174 871 4233 1s
888 4175 1018 4246 innon
1029 4174 1057 4227 s
1128 4173 1166 4232 19
1185 4173 1228 4228 an
1239 4172 1340 4231 tow
1408 4156 1470 4227 ὦ
1482 4171 1511 4227 s

424 4261 473 4327 exp
484 4256 598 4326 epistola
609 4259 682 4332 incip
694 4266 742 4332 cap
753 4260 825 4319 CXX
837 4261 865 4317 Β
