4009 5034
602 1218 684 1317 DE
715 1219 885 1317 BONO
918 1220 1325 1318 ΡΑΤΙΕΝΤΙΑΕ.

437 1486 501 1596 De
515 1529 670 1612 patientia
684 1530 862 1607 locuturus,
886 1528 999 1595 iratres
1016 1529 1233 1607 dilectissimi,
1249 1533 1282 1595 at
1296 1530 1453 1595 utilitates
1469 1532 1536 1595 eius
1553 1544 1565 1606 ι

397 1635 429 1696 at
452 1633 616 1697 commoda
641 1632 879 1715 praedicaturus
905 1632 986 1696 unda
1012 1632 1118 1713 potius
1145 1632 1314 1716 incipiam,
1337 1651 1431 1714 quam
1453 1632 1536 1714 quod

396 1753 478 1799 nuuc
493 1752 615 1817 quoque
629 1734 669 1799 ad
685 1733 880 1799 audientiam
895 1735 1033 1798 uestram
1044 1733 1229 1816 patientiam
1242 1733 1333 1798 uideo
1348 1752 1415 1799 asse
1430 1752 1536 1799 necee-

361 1858 374 1893 e
397 1836 527 1913 sariam,
550 1836 587 1899 ut
609 1854 665 1900 uec
686 1835 745 1899 hoc
767 1834 873 1919 ipsum
888 1835 970 1916 quod
985 1835 1103 1900 auditis
1118 1835 1151 1899 et
1165 1834 1287 1900 discitis
1302 1835 1368 1900 sine
1382 1836 1536 1917 patientia

397 1936 496 2001 iacere
511 1937 660 2020 possitis?
675 1939 751 2001 tuuc
765 1938 849 2003 euim
864 1936 992 2001 demum
1007 1955 1107 2002 sermo
1123 1939 1155 2001 et
1170 1937 1252 2002 ratio
1267 1937 1414 2003 salutaris
1429 1937 1536 2003 effica-

397 2038 476 2103 citer
490 2037 639 2115 discitur,
661 2039 688 2104 si
715 2040 871 2121 patienter
897 2039 979 2120 quod
1004 2039 1120 2104 dicitur
1147 2040 1302 2104 audiatur.
1324 2059 1381 2105 neo
1400 2039 1536 2111 inuenio,

396 2140 507 2206 iratres
523 2141 737 2217 dilectissimi,
760 2141 842 2206 inter
864 2144 982 2207 ceteras
1003 2142 1187 2224 disciplinae
1208 2142 1352 2208 caelestis
1373 2142 1442 2207 uias
1465 2142 1537 2224 qui·

397 2241 456 2309 bus
478 2243 518 2308 ad
541 2243 755 2327 consequenda
770 2244 923 2309 diuinitus
938 2246 1078 2327 praemia
1092 2245 1159 2328 spei
1174 2264 1210 2311 ac
1225 2245 1298 2310 fidei
1313 2246 1436 2310 nostrae
1451 2247 1537 2309 secta

362 2373 388 2410 ιο
398 2346 549 2430 dirigitur
562 2346 638 2429 quid
653 2347 756 2429 magis
771 2346 815 2409 sit
831 2346 881 2410 uel
898 2346 1008 2410 utilius
1023 2346 1063 2410 ad
1078 2346 1180 2411 uitam
1203 2347 1254 2412 uel
1277 2347 1379 2412 maius
1402 2346 1443 2411 ad
1465 2348 1537 2430 glo-

398 2449 480 2514 riam
491 2467 585 2531 quam
602 2451 639 2513 ut
653 2449 707 2530 qui
722 2447 894 2531 praeceptis
909 2449 1074 2514 dominicis
1089 2448 1235 2531 obsequio
1251 2449 1375 2515 timoris
1390 2468 1426 2514 ac
1441 2447 1537 2512 deuo·

400 2552 495 2616 tionis
517 2551 684 2616 innitimur
705 2551 892 2632 patientiam
915 2553 1050 2617 maxime
1065 2555 1132 2617 tota
1147 2552 1364 2618 obseruatione
1379 2555 1536 2617 tueamur.

442 2654 533 2720 Hauc
558 2673 592 2719 se
617 2655 729 2719 sectari
757 2653 933 2735 philosophi
961 2671 1082 2736 quoque
1096 2654 1297 2737 profitentur,
1320 2655 1374 2720 sed
1389 2656 1457 2717 tam
1471 2645 1569 2716 illicz

400 2757 554 2838 patientia
568 2756 650 2822 ialsa
671 2757 719 2821 est
740 2775 836 2838 quam
860 2758 892 2821 et
915 2756 994 2822 falsa
1017 2758 1171 2840 sapientia
1193 2760 1251 2824 est.
1275 2759 1356 2822 unde
1378 2756 1463 2822 enim
1487 2754 1539 2819 uel

365 2881 390 2919 re
400 2857 523 2941 sapiens
538 2876 604 2923 asae
620 2860 671 2923 uel
686 2859 808 2941 patiens
823 2858 922 2940 possit
937 2859 992 2940 qui
1007 2877 1063 2923 nec
1077 2860 1265 2941 sapientiam
1280 2878 1338 2925 nec
1349 2858 1538 2941 patientiam

399 2958 459 3023 Dei
474 2960 585 3025 nouit?
601 2959 723 3043 quando
739 2959 804 3041 ipsa
820 2959 858 3024 de
874 2959 922 3024 his
938 2959 992 3043 qui
1008 2960 1070 3025 sibi
1085 2979 1192 3044 sapere
1206 2961 1239 3025 iu
1254 2960 1370 3025 mundo
1393 2959 1540 3023 uidentur

399 3065 526 3126 moneat
550 3063 583 3126 et
608 3061 713 3126 dicat:
752 3062 914 3144 perdam
951 3064 1192 3144 sapientiam
1225 3062 1466 3144 sapientium
1501 3062 1540 3125 et

402 3161 653 3243 prudentiam
676 3163 933 3244 prudentium
956 3165 1197 3247 reprobabo,
1231 3164 1309 3228 item
1332 3162 1443 3228 beatus
1464 3179 1540 3244 apo·

400 3265 499 3329 stolus
521 3264 639 3331 Paulus
666 3267 775 3348 plenus
802 3264 921 3349 Spiritu
949 3268 1055 3332 sancto
1081 3268 1113 3332 at
1138 3265 1285 3332 uocandis
1307 3264 1539 3346 formandisque

365 3366 548 3446 ouantibus
564 3368 680 3432 missus
696 3369 889 3433 contestetur
904 3371 936 3433 et
951 3370 1089 3435 iuetmat
1103 3370 1226 3434 dicens:
1250 3368 1384 3433 uidete
1405 3385 1450 3432 na
1473 3366 1536 3449 qui

504 3553 536 3605 17
555 3553 599 3606 aa.
612 3554 654 3615 ⁸29,
669 3555 709 3607 14.
763 3555 798 3607 20
816 3553 872 3608 Col.
884 3555 910 3617 2,
922 3555 940 3608 8
952 3570 992 3623 eq.

452 3736 563 3778 rucuma
588 3739 626 3777 uu
650 3738 735 3778 Parra
759 3724 808 3788 W,
841 3739 951 3779 lucrum
975 3739 1012 3779 un
1036 3739 1190 3780 sacrarum
1218 3708 1271 3779 a&
1289 3739 1358 3780 rma
1377 3740 1410 3778 m·
1429 3705 1539 3783 xffiGz

399 3809 435 3874 cf.
452 3808 535 3878 Gypr.
555 3810 634 3878 epist.
648 3813 685 3864 73
703 3825 724 3863 c.
735 3812 790 3862 26:
810 3813 917 3878 propter
929 3810 979 3864 hoc
997 3810 1081 3864 etiam
1100 3810 1226 3865 libellum
1242 3826 1313 3864 nunc
1330 3810 1367 3864 da
1385 3810 1470 3864 bono
1490 3824 1541 3876 pa·

398 3894 550 3950 tiautiaa
569 3899 700 3964 quantum
720 3895 810 3950 ualuit
821 3897 915 3949 noatm
926 3895 1110 3950 rnediocritas.
1121 3936 1128 3948 .
1139 3896 1361 3965 .oonacripaimus
1412 3897 1430 3950 4
1442 3896 1541 3950 auden·

398 3981 517 4036 tiamW
568 3997 688 4036 morat
705 3981 732 4036 V
779 3981 864 4036 onoc
876 3997 926 4036 orn.
943 3982 982 4037 W
1031 3981 1239 4040 iinucnioW
1287 3982 1541 4038 Scoelcstisdisct

399 4066 518 4134 pliuaac
569 4066 605 4120 10
616 4066 740 4122 ”utilius
753 4067 793 4121 W
845 4066 878 4120 13
889 4068 1004 4136 quoque]
1018 4068 1117 4136 quique
1131 4068 1158 4121 V
1208 4070 1241 4123 14
1259 4071 1384 4137 cstlpast
1396 4068 1540 4137 sapientia)

398 4150 491 4204 mo
591 4153 623 4205 ro
640 4153 698 4222 apo
711 4153 762 4221 W,
779 4137 900 4222 rpocia
917 4151 957 4215 e,
975 4167 1056 4204 aas
1142 4152 1275 4223 rapias
1363 4154 1395 4207 rr
1414 4154 1543 4221 ipsamc-

398 4240 490 4292 neata
578 4238 717 4292 hominurn
731 4239 897 4307 sapientium
912 4237 938 4289 V
1041 4239 1077 4291 20
1093 4239 1428 4294 contestaturctinatruit
1446 4241 1482 4292 (,’·

400 4322 461 4390 quis
477 4321 520 4375 Gn
