<?xml version="1.0" encoding="UTF-8"?>
<!DOCTYPE html PUBLIC "-//W3C//DTD XHTML 1.0 Transitional//EN"
    "http://www.w3.org/TR/xhtml1/DTD/xhtml1-transitional.dtd">
<html xmlns="http://www.w3.org/1999/xhtml" xml:lang="en" lang="en">
 <head>
  <title>
</title>
<meta http-equiv="Content-Type" content="text/html;charset=utf-8" />
  <meta name='ocr-system' content='tesseract 3.04.00' />
  <meta name='ocr-capabilities' content='ocr_page ocr_carea ocr_par ocr_line ocrx_word'/>
</head>
<body>
  <div class='ocr_page' id='page_1' title='image "./sthascicaecilic00hartgoog_0400.png"; bbox 0 0 4009 5034; ppageno 0'>
   <div class='ocr_carea' id='block_1_1' title="bbox 384 398 1123 469">
    <p class='ocr_par' dir='ltr' id='par_1_1' title="bbox 384 398 1123 469">
     <span class='ocr_line' id='line_1_1' title="bbox 384 398 1123 469; baseline -0.015 -6"><span class='ocrx_word' id='word_1_1' title='bbox 384 400 451 465; x_wconf 84' lang='lat'><strong>390</strong></span> <span class='ocrx_word' id='word_1_2' title='bbox 796 398 942 456; x_wconf 76' lang='lat' dir='ltr'><strong>Caecilii</strong></span> <span class='ocrx_word' id='word_1_3' title='bbox 960 399 1123 469; x_wconf 81' lang='lat' dir='ltr'><strong>Cypriani</strong></span> 
     </span>
    </p>
   </div>
   <div class='ocr_carea' id='block_1_2' title="bbox 329 551 1554 1253">
    <p class='ocr_par' dir='ltr' id='par_1_2' title="bbox 329 551 1554 1253">
     <span class='ocr_line' id='line_1_2' title="bbox 329 551 1521 639; baseline 0.003 -25"><span class='ocrx_word' id='word_1_4' title='bbox 329 552 371 615; x_wconf 80' lang='lat'><strong>22</strong></span> <span class='ocrx_word' id='word_1_5' title='bbox 428 551 540 636; x_wconf 82' lang='lat' dir='ltr'><strong>Adque</strong></span> <span class='ocrx_word' id='word_1_6' title='bbox 554 557 591 621; x_wconf 88' lang='lat' dir='ltr'><strong>ut</strong></span> <span class='ocrx_word' id='word_1_7' title='bbox 608 554 713 639; x_wconf 82' lang='lat' dir='ltr'><strong>pigros</strong></span> <span class='ocrx_word' id='word_1_8' title='bbox 728 556 761 621; x_wconf 87' lang='lat' dir='ltr'><strong>et</strong></span> <span class='ocrx_word' id='word_1_9' title='bbox 774 555 897 621; x_wconf 89' lang='lat' dir='ltr'><strong>steriles</strong></span> <span class='ocrx_word' id='word_1_10' title='bbox 912 557 946 621; x_wconf 86' lang='lat' dir='ltr'><strong>et</strong></span> <span class='ocrx_word' id='word_1_11' title='bbox 960 554 1134 638; x_wconf 85' lang='lat' dir='ltr'><strong>cupiditate</strong></span> <span class='ocrx_word' id='word_1_12' title='bbox 1148 554 1324 620; x_wconf 87' lang='lat' dir='ltr'><strong>nummaria</strong></span> <span class='ocrx_word' id='word_1_13' title='bbox 1341 552 1423 619; x_wconf 87' lang='lat' dir='ltr'><strong>nihil</strong></span> <span class='ocrx_word' id='word_1_14' title='bbox 1438 552 1521 618; x_wconf 91' lang='lat' dir='ltr'><strong>circa</strong></span> 
     </span>
     <span class='ocr_line' id='line_1_3' title="bbox 388 655 1519 742; baseline -0.001 -21"><span class='ocrx_word' id='word_1_15' title='bbox 388 656 524 722; x_wconf 80' lang='lat' dir='ltr'><strong>fructum</strong></span> <span class='ocrx_word' id='word_1_16' title='bbox 546 658 658 724; x_wconf 89' lang='lat' dir='ltr'><strong>salutis</strong></span> <span class='ocrx_word' id='word_1_17' title='bbox 684 659 846 741; x_wconf 77' lang='lat' dir='ltr'>operantes</span> <span class='ocrx_word' id='word_1_18' title='bbox 871 657 973 742; x_wconf 80' lang='lat' dir='ltr'><strong>magis</strong></span> <span class='ocrx_word' id='word_1_19' title='bbox 997 658 1127 740; x_wconf 85' lang='lat' dir='ltr'><strong>pudeat,</strong></span> <span class='ocrx_word' id='word_1_20' title='bbox 1149 659 1187 722; x_wconf 88' lang='lat' dir='ltr'><strong>ut</strong></span> <span class='ocrx_word' id='word_1_21' title='bbox 1207 656 1278 739; x_wconf 92' lang='lat' dir='ltr'><strong>plus</strong></span> <span class='ocrx_word' id='word_1_22' title='bbox 1298 655 1519 723; x_wconf 78' lang='lat' dir='ltr'><strong>conscientiam</strong></span> 
     </span>
     <span class='ocr_line' id='line_1_4' title="bbox 387 758 1520 844; baseline -0.001 -20"><span class='ocrx_word' id='word_1_23' title='bbox 387 758 543 825; x_wconf 74' lang='lat' dir='ltr'><strong>medidam</strong></span> <span class='ocrx_word' id='word_1_24' title='bbox 566 759 723 827; x_wconf 77' lang='lat' dir='ltr'><strong>dedecoris</strong></span> <span class='ocrx_word' id='word_1_25' title='bbox 748 778 786 827; x_wconf 88' lang='lat' dir='ltr'><strong>ac</strong></span> <span class='ocrx_word' id='word_1_26' title='bbox 809 759 1017 844; x_wconf 70' lang='lat' dir='ltr'><strong>turpitudinis</strong></span> <span class='ocrx_word' id='word_1_27' title='bbox 1042 778 1116 826; x_wconf 90' lang='lat' dir='ltr'><strong>suae</strong></span> <span class='ocrx_word' id='word_1_28' title='bbox 1141 758 1236 825; x_wconf 89' lang='lat' dir='ltr'><strong>rubor</strong></span> <span class='ocrx_word' id='word_1_29' title='bbox 1261 759 1392 838; x_wconf 75' lang='lat' dir='ltr'><strong>medat,</strong></span> <span class='ocrx_word' id='word_1_30' title='bbox 1425 759 1520 842; x_wconf 91' lang='lat' dir='ltr'><strong>ponat</strong></span> 
     </span>
     <span class='ocr_line' id='line_1_5' title="bbox 387 860 1520 945; baseline -0.002 -18"><span class='ocrx_word' id='word_1_31' title='bbox 387 862 597 945; x_wconf 84' lang='lat' dir='ltr'><strong>unusquisque</strong></span> <span class='ocrx_word' id='word_1_32' title='bbox 621 865 693 928; x_wconf 88' lang='lat' dir='ltr'><strong>ante</strong></span> <span class='ocrx_word' id='word_1_33' title='bbox 715 863 820 929; x_wconf 90' lang='lat' dir='ltr'><strong>oculos</strong></span> <span class='ocrx_word' id='word_1_34' title='bbox 845 880 918 929; x_wconf 90' lang='lat' dir='ltr'><strong>suos</strong></span> <span class='ocrx_word' id='word_1_35' title='bbox 944 861 1103 928; x_wconf 90' lang='lat' dir='ltr'><strong>diabolum</strong></span> <span class='ocrx_word' id='word_1_36' title='bbox 1132 880 1206 927; x_wconf 91' lang='lat' dir='ltr'><strong>cum</strong></span> <span class='ocrx_word' id='word_1_37' title='bbox 1230 861 1329 928; x_wconf 87' lang='lat' dir='ltr'><strong>seruis</strong></span> <span class='ocrx_word' id='word_1_38' title='bbox 1343 862 1408 928; x_wconf 89' lang='lat' dir='ltr'><strong>suis</strong></span> <span class='ocrx_word' id='word_1_39' title='bbox 1423 860 1520 926; x_wconf 85' lang='lat' dir='ltr'><strong>idest</strong></span> 
     </span>
     <span class='ocr_line' id='line_1_6' title="bbox 388 962 1554 1047; baseline -0.004 -19"><span class='ocrx_word' id='word_1_40' title='bbox 388 983 459 1029; x_wconf 92' lang='lat' dir='ltr'><strong>eum</strong></span> <span class='ocrx_word' id='word_1_41' title='bbox 484 964 597 1047; x_wconf 89' lang='lat' dir='ltr'><strong>populo</strong></span> <span class='ocrx_word' id='word_1_42' title='bbox 623 964 808 1047; x_wconf 85' lang='lat' dir='ltr'><strong>perditionis</strong></span> <span class='ocrx_word' id='word_1_43' title='bbox 829 983 866 1030; x_wconf 92' lang='lat' dir='ltr'><strong>ac</strong></span> <span class='ocrx_word' id='word_1_44' title='bbox 887 963 997 1030; x_wconf 89' lang='lat' dir='ltr'><strong>mortis</strong></span> <span class='ocrx_word' id='word_1_45' title='bbox 1012 965 1044 1029; x_wconf 90' lang='lat' dir='ltr'><strong>in</strong></span> <span class='ocrx_word' id='word_1_46' title='bbox 1059 962 1199 1029; x_wconf 88' lang='lat' dir='ltr'><strong>medium</strong></span> <span class='ocrx_word' id='word_1_47' title='bbox 1214 963 1372 1046; x_wconf 86' lang='lat' dir='ltr'><strong>prosilire,</strong></span> <span class='ocrx_word' id='word_1_48' title='bbox 1395 963 1519 1046; x_wconf 92' lang='lat' dir='ltr'><strong>plebem</strong></span> <span class='ocrx_word' id='word_1_49' title='bbox 1541 983 1554 1022; x_wconf 78' lang='lat' dir='ltr'><strong>s</strong></span> 
     </span>
     <span class='ocr_line' id='line_1_7' title="bbox 388 1066 1518 1151; baseline -0.002 -19"><span class='ocrx_word' id='word_1_50' title='bbox 388 1067 505 1132; x_wconf 76' lang='lat' dir='ltr'><strong>Christi</strong></span> <span class='ocrx_word' id='word_1_51' title='bbox 518 1067 679 1149; x_wconf 89' lang='lat' dir='ltr'><strong>praesente</strong></span> <span class='ocrx_word' id='word_1_52' title='bbox 692 1070 725 1133; x_wconf 87' lang='lat' dir='ltr'><strong>ot</strong></span> <span class='ocrx_word' id='word_1_53' title='bbox 740 1067 898 1133; x_wconf 82' lang='lat' dir='ltr'><strong>indicente</strong></span> <span class='ocrx_word' id='word_1_54' title='bbox 912 1067 980 1151; x_wconf 91' lang='lat' dir='ltr'><strong>ipso</strong></span> <span class='ocrx_word' id='word_1_55' title='bbox 996 1066 1236 1149; x_wconf 88' lang='lat' dir='ltr'><strong>comparationis</strong></span> <span class='ocrx_word' id='word_1_56' title='bbox 1251 1068 1390 1132; x_wconf 85' lang='lat' dir='ltr'><strong>examine</strong></span> <span class='ocrx_word' id='word_1_57' title='bbox 1405 1082 1518 1148; x_wconf 90' lang='lat' dir='ltr'><strong>prono·</strong></span> 
     </span>
     <span class='ocr_line' id='line_1_8' title="bbox 388 1161 1520 1253; baseline -0.001 -19"><span class='ocrx_word' id='word_1_58' title='bbox 388 1187 458 1235; x_wconf 91' lang='lat' dir='ltr'><strong>care</strong></span> <span class='ocrx_word' id='word_1_59' title='bbox 472 1169 644 1234; x_wconf 86' lang='lat' dir='ltr'><strong>dicentem:</strong></span> <span class='ocrx_word' id='word_1_60' title='bbox 665 1161 733 1253; x_wconf 81' lang='lat' dir='ltr'><strong>‘ego</strong></span> <span class='ocrx_word' id='word_1_61' title='bbox 758 1186 814 1251; x_wconf 92' lang='lat' dir='ltr'><strong>pro</strong></span> <span class='ocrx_word' id='word_1_62' title='bbox 839 1168 910 1233; x_wconf 87' lang='lat' dir='ltr'><strong>istis</strong></span> <span class='ocrx_word' id='word_1_63' title='bbox 935 1185 1013 1251; x_wconf 91' lang='lat' dir='ltr'><strong>quos</strong></span> <span class='ocrx_word' id='word_1_64' title='bbox 1032 1186 1155 1233; x_wconf 88' lang='lat' dir='ltr'><strong>mecum</strong></span> <span class='ocrx_word' id='word_1_65' title='bbox 1170 1168 1259 1234; x_wconf 89' lang='lat' dir='ltr'><strong>uides</strong></span> <span class='ocrx_word' id='word_1_66' title='bbox 1274 1187 1331 1235; x_wconf 92' lang='lat' dir='ltr'><strong>uec</strong></span> <span class='ocrx_word' id='word_1_67' title='bbox 1346 1167 1452 1251; x_wconf 86' lang='lat' dir='ltr'><strong>alapas</strong></span> <span class='ocrx_word' id='word_1_68' title='bbox 1467 1186 1520 1233; x_wconf 90' lang='lat' dir='ltr'><strong>ac·</strong></span> 
     </span>
    </p>
   </div>
   <div class='ocr_carea' id='block_1_3' title="bbox 385 1269 1654 3277">
    <p class='ocr_par' dir='ltr' id='par_1_3' title="bbox 385 1269 1654 3277">
     <span class='ocr_line' id='line_1_9' title="bbox 388 1269 1519 1356; baseline -0.004 -18"><span class='ocrx_word' id='word_1_69' title='bbox 388 1272 455 1355; x_wconf 88' lang='lat' dir='ltr'><strong>cepi</strong></span> <span class='ocrx_word' id='word_1_70' title='bbox 474 1289 531 1337; x_wconf 91' lang='lat' dir='ltr'><strong>nec</strong></span> <span class='ocrx_word' id='word_1_71' title='bbox 548 1269 674 1356; x_wconf 80' lang='lat' dir='ltr'><strong>flagella</strong></span> <span class='ocrx_word' id='word_1_72' title='bbox 687 1271 823 1337; x_wconf 80' lang='lat' dir='ltr'><strong>sustmui</strong></span> <span class='ocrx_word' id='word_1_73' title='bbox 839 1290 895 1338; x_wconf 90' lang='lat' dir='ltr'><strong>nec</strong></span> <span class='ocrx_word' id='word_1_74' title='bbox 909 1289 1032 1338; x_wconf 71' lang='lat' dir='ltr'><strong>uocem</strong></span> <span class='ocrx_word' id='word_1_75' title='bbox 1047 1271 1164 1353; x_wconf 89' lang='lat' dir='ltr'><strong>pertuli</strong></span> <span class='ocrx_word' id='word_1_76' title='bbox 1179 1289 1236 1337; x_wconf 92' lang='lat' dir='ltr'><strong>nec</strong></span> <span class='ocrx_word' id='word_1_77' title='bbox 1250 1271 1435 1355; x_wconf 79' lang='lat' dir='ltr'><strong>sanguinem</strong></span> <span class='ocrx_word' id='word_1_78' title='bbox 1450 1269 1519 1335; x_wconf 88' lang='lat' dir='ltr'><strong>ludi</strong></span> 
     </span>
     <span class='ocr_line' id='line_1_10' title="bbox 385 1371 1519 1456; baseline 0 -19"><span class='ocrx_word' id='word_1_79' title='bbox 385 1392 442 1438; x_wconf 89' lang='lat' dir='ltr'><strong>nec</strong></span> <span class='ocrx_word' id='word_1_80' title='bbox 455 1372 608 1437; x_wconf 83' lang='lat' dir='ltr'><strong>familiam</strong></span> <span class='ocrx_word' id='word_1_81' title='bbox 630 1391 734 1438; x_wconf 91' lang='lat' dir='ltr'><strong>meam</strong></span> <span class='ocrx_word' id='word_1_82' title='bbox 756 1373 856 1455; x_wconf 88' lang='lat' dir='ltr'><strong>pretio</strong></span> <span class='ocrx_word' id='word_1_83' title='bbox 878 1373 1028 1456; x_wconf 85' lang='lat' dir='ltr'><strong>passionis</strong></span> <span class='ocrx_word' id='word_1_84' title='bbox 1051 1374 1083 1437; x_wconf 90' lang='lat' dir='ltr'><strong>et</strong></span> <span class='ocrx_word' id='word_1_85' title='bbox 1105 1372 1222 1437; x_wconf 85' lang='lat' dir='ltr'><strong>cruoris</strong></span> <span class='ocrx_word' id='word_1_86' title='bbox 1236 1371 1370 1449; x_wconf 81' lang='lat' dir='ltr'><strong>redemi,</strong></span> <span class='ocrx_word' id='word_1_87' title='bbox 1393 1371 1448 1437; x_wconf 89' lang='lat' dir='ltr'><strong>sed</strong></span> <span class='ocrx_word' id='word_1_88' title='bbox 1463 1389 1519 1437; x_wconf 90' lang='lat' dir='ltr'><strong>nec</strong></span> 
     </span>
     <span class='ocr_line' id='line_1_11' title="bbox 386 1473 1555 1558; baseline -0.002 -19"><span class='ocrx_word' id='word_1_89' title='bbox 386 1494 516 1558; x_wconf 76' lang='lat' dir='ltr'><strong>regnum</strong></span> <span class='ocrx_word' id='word_1_90' title='bbox 531 1474 598 1539; x_wconf 91' lang='lat' dir='ltr'><strong>illis</strong></span> <span class='ocrx_word' id='word_1_91' title='bbox 612 1473 743 1540; x_wconf 85' lang='lat' dir='ltr'><strong>caeleste</strong></span> <span class='ocrx_word' id='word_1_92' title='bbox 758 1475 907 1557; x_wconf 88' lang='lat' dir='ltr'><strong>promitto</strong></span> <span class='ocrx_word' id='word_1_93' title='bbox 920 1494 977 1540; x_wconf 89' lang='lat' dir='ltr'><strong>nec</strong></span> <span class='ocrx_word' id='word_1_94' title='bbox 987 1475 1028 1541; x_wconf 90' lang='lat' dir='ltr'><strong>ad</strong></span> <span class='ocrx_word' id='word_1_95' title='bbox 1039 1473 1218 1557; x_wconf 76' lang='lat' dir='ltr'><strong>paradisum</strong></span> <span class='ocrx_word' id='word_1_96' title='bbox 1229 1475 1375 1539; x_wconf 87' lang='lat' dir='ltr'><strong>restituta</strong></span> <span class='ocrx_word' id='word_1_97' title='bbox 1388 1475 1517 1539; x_wconf 89' lang='lat' dir='ltr'><strong>immor·</strong></span> <span class='ocrx_word' id='word_1_98' title='bbox 1529 1491 1555 1529; x_wconf 79' lang='grc' dir='ltr'><strong>ιο</strong></span> 
     </span>
     <span class='ocr_line' id='line_1_12' title="bbox 387 1563 1519 1660; baseline -0.004 -17"><span class='ocrx_word' id='word_1_99' title='bbox 387 1577 511 1643; x_wconf 89' lang='lat' dir='ltr'><strong>talitatc</strong></span> <span class='ocrx_word' id='word_1_100' title='bbox 538 1577 637 1642; x_wconf 90' lang='lat' dir='ltr'><strong>denuo</strong></span> <span class='ocrx_word' id='word_1_101' title='bbox 663 1563 789 1642; x_wconf 76' lang='lat' dir='ltr'><strong>reuoca:</strong></span> <span class='ocrx_word' id='word_1_102' title='bbox 811 1580 844 1641; x_wconf 93' lang='lat' dir='ltr'><strong>et</strong></span> <span class='ocrx_word' id='word_1_103' title='bbox 869 1595 999 1642; x_wconf 89' lang='lat' dir='ltr'><strong>munera</strong></span> <span class='ocrx_word' id='word_1_104' title='bbox 1024 1576 1104 1641; x_wconf 89' lang='lat' dir='ltr'><strong>mihi</strong></span> <span class='ocrx_word' id='word_1_105' title='bbox 1129 1596 1223 1659; x_wconf 89' lang='lat' dir='ltr'><strong>quam</strong></span> <span class='ocrx_word' id='word_1_106' title='bbox 1253 1576 1402 1660; x_wconf 84' lang='lat' dir='ltr'><strong>pretiosa,</strong></span> <span class='ocrx_word' id='word_1_107' title='bbox 1424 1594 1519 1658; x_wconf 88' lang='lat' dir='ltr'><strong>quam</strong></span> 
     </span>
     <span class='ocr_line' id='line_1_13' title="bbox 389 1677 1519 1765; baseline -0.002 -21"><span class='ocrx_word' id='word_1_108' title='bbox 389 1680 534 1765; x_wconf 79' lang='lat' dir='ltr'><strong>grandia,</strong></span> <span class='ocrx_word' id='word_1_109' title='bbox 556 1696 650 1760; x_wconf 91' lang='lat' dir='ltr'><strong>quam</strong></span> <span class='ocrx_word' id='word_1_110' title='bbox 663 1678 763 1742; x_wconf 90' lang='lat' dir='ltr'><strong>nimio</strong></span> <span class='ocrx_word' id='word_1_111' title='bbox 788 1680 822 1744; x_wconf 89' lang='lat' dir='ltr'><strong>et</strong></span> <span class='ocrx_word' id='word_1_112' title='bbox 846 1678 940 1763; x_wconf 80' lang='lat' dir='ltr'><strong>longo</strong></span> <span class='ocrx_word' id='word_1_113' title='bbox 966 1678 1071 1743; x_wconf 82' lang='lat' dir='ltr'><strong>labore</strong></span> <span class='ocrx_word' id='word_1_114' title='bbox 1085 1678 1226 1761; x_wconf 88' lang='lat' dir='ltr'><strong>quaesita</strong></span> <span class='ocrx_word' id='word_1_115' title='bbox 1238 1677 1519 1759; x_wconf 85' lang='lat' dir='ltr'><strong>sumptuosissimis</strong></span> 
     </span>
     <span class='ocr_line' id='line_1_14' title="bbox 387 1779 1520 1864; baseline -0.002 -17"><span class='ocrx_word' id='word_1_116' title='bbox 387 1781 587 1863; x_wconf 77' lang='lat' dir='ltr'><strong>apparatibus</strong></span> <span class='ocrx_word' id='word_1_117' title='bbox 609 1782 778 1862; x_wconf 88' lang='lat' dir='ltr'><strong>conparant</strong></span> <span class='ocrx_word' id='word_1_118' title='bbox 802 1779 894 1846; x_wconf 88' lang='lat' dir='ltr'><strong>rebus</strong></span> <span class='ocrx_word' id='word_1_119' title='bbox 919 1781 985 1844; x_wconf 91' lang='lat' dir='ltr'><strong>suis</strong></span> <span class='ocrx_word' id='word_1_120' title='bbox 1004 1779 1056 1845; x_wconf 90' lang='lat' dir='ltr'><strong>uel</strong></span> <span class='ocrx_word' id='word_1_121' title='bbox 1071 1779 1218 1864; x_wconf 85' lang='lat' dir='ltr'><strong>obligatis</strong></span> <span class='ocrx_word' id='word_1_122' title='bbox 1233 1781 1265 1845; x_wconf 89' lang='lat' dir='ltr'><strong>iu</strong></span> <span class='ocrx_word' id='word_1_123' title='bbox 1280 1780 1418 1845; x_wconf 87' lang='lat' dir='ltr'><strong>muneris</strong></span> <span class='ocrx_word' id='word_1_124' title='bbox 1433 1797 1520 1845; x_wconf 92' lang='lat' dir='ltr'><strong>com·</strong></span> 
     </span>
     <span class='ocr_line' id='line_1_15' title="bbox 387 1881 1519 1965; baseline -0.002 -17"><span class='ocrx_word' id='word_1_125' title='bbox 387 1884 581 1965; x_wconf 89' lang='lat' dir='ltr'><strong>parationem</strong></span> <span class='ocrx_word' id='word_1_126' title='bbox 594 1883 647 1947; x_wconf 90' lang='lat' dir='ltr'><strong>uel</strong></span> <span class='ocrx_word' id='word_1_127' title='bbox 661 1881 815 1947; x_wconf 85' lang='lat' dir='ltr'><strong>uenditis:</strong></span> <span class='ocrx_word' id='word_1_128' title='bbox 837 1899 874 1947; x_wconf 90' lang='lat' dir='ltr'><strong>ac</strong></span> <span class='ocrx_word' id='word_1_129' title='bbox 888 1882 950 1947; x_wconf 92' lang='lat' dir='ltr'><strong>nisi</strong></span> <span class='ocrx_word' id='word_1_130' title='bbox 965 1883 1062 1948; x_wconf 89' lang='lat' dir='ltr'><strong>editio</strong></span> <span class='ocrx_word' id='word_1_131' title='bbox 1075 1882 1206 1947; x_wconf 86' lang='lat' dir='ltr'><strong>honesta</strong></span> <span class='ocrx_word' id='word_1_132' title='bbox 1220 1883 1422 1961; x_wconf 86' lang='lat' dir='ltr'><strong>successerit,</strong></span> <span class='ocrx_word' id='word_1_133' title='bbox 1445 1900 1519 1946; x_wconf 87' lang='lat' dir='ltr'><strong>eon·</strong></span> 
     </span>
     <span class='ocr_line' id='line_1_16' title="bbox 387 1975 1654 2069; baseline -0.003 -17"><span class='ocrx_word' id='word_1_134' title='bbox 387 1987 477 2052; x_wconf 90' lang='lat' dir='ltr'><strong>uiciis</strong></span> <span class='ocrx_word' id='word_1_135' title='bbox 492 2006 528 2052; x_wconf 91' lang='lat' dir='ltr'><strong>ac</strong></span> <span class='ocrx_word' id='word_1_136' title='bbox 542 1985 645 2051; x_wconf 90' lang='lat' dir='ltr'><strong>sibilis</strong></span> <span class='ocrx_word' id='word_1_137' title='bbox 659 1985 816 2052; x_wconf 90' lang='lat' dir='ltr'><strong>eiciuntur</strong></span> <span class='ocrx_word' id='word_1_138' title='bbox 830 1987 862 2053; x_wconf 90' lang='lat' dir='ltr'><strong>ct</strong></span> <span class='ocrx_word' id='word_1_139' title='bbox 876 1985 979 2052; x_wconf 83' lang='lat' dir='ltr'><strong>lurore</strong></span> <span class='ocrx_word' id='word_1_140' title='bbox 1006 1985 1147 2069; x_wconf 88' lang='lat' dir='ltr'><strong>populari</strong></span> <span class='ocrx_word' id='word_1_141' title='bbox 1169 2005 1402 2068; x_wconf 88' lang='lat' dir='ltr'><strong>nonnumquam</strong></span> <span class='ocrx_word' id='word_1_142' title='bbox 1424 2003 1554 2069; x_wconf 82' lang='lat' dir='ltr'><strong>paenere</strong></span> <span class='ocrx_word' id='word_1_143' title='bbox 1650 1975 1654 1984; x_wconf 79' lang='lat'>&#39;</span> 
     </span>
     <span class='ocr_line' id='line_1_17' title="bbox 387 2086 1519 2172; baseline -0.004 -19"><span class='ocrx_word' id='word_1_144' title='bbox 387 2089 575 2172; x_wconf 86' lang='lat' dir='ltr'><strong>lapidantur.</strong></span> <span class='ocrx_word' id='word_1_145' title='bbox 605 2089 677 2153; x_wconf 90' lang='lat' dir='ltr'><strong>tuos</strong></span> <span class='ocrx_word' id='word_1_146' title='bbox 701 2088 781 2153; x_wconf 87' lang='lat' dir='ltr'><strong>tales</strong></span> <span class='ocrx_word' id='word_1_147' title='bbox 806 2088 1014 2164; x_wconf 87' lang='lat' dir='ltr'><strong>munerarios,</strong></span> <span class='ocrx_word' id='word_1_148' title='bbox 1048 2086 1185 2164; x_wconf 79' lang='lat' dir='ltr'><strong>Christe,</strong></span> <span class='ocrx_word' id='word_1_149' title='bbox 1221 2088 1414 2166; x_wconf 83' lang='lat' dir='ltr'><strong>demonstra,</strong></span> <span class='ocrx_word' id='word_1_150' title='bbox 1447 2086 1519 2152; x_wconf 91' lang='lat' dir='ltr'><strong>illos</strong></span> 
     </span>
     <span class='ocr_line' id='line_1_18' title="bbox 388 2187 1519 2273; baseline 0.002 -18"><span class='ocrx_word' id='word_1_151' title='bbox 388 2190 518 2269; x_wconf 86' lang='lat' dir='ltr'><strong>diuites,</strong></span> <span class='ocrx_word' id='word_1_152' title='bbox 533 2190 605 2255; x_wconf 89' lang='lat' dir='ltr'><strong>illos</strong></span> <span class='ocrx_word' id='word_1_153' title='bbox 621 2189 752 2272; x_wconf 89' lang='lat' dir='ltr'><strong>copiosis</strong></span> <span class='ocrx_word' id='word_1_154' title='bbox 766 2188 876 2273; x_wconf 89' lang='lat' dir='ltr'><strong>opibus</strong></span> <span class='ocrx_word' id='word_1_155' title='bbox 891 2187 1055 2264; x_wconf 79' lang='lat' dir='ltr'><strong>abuentes,</strong></span> <span class='ocrx_word' id='word_1_156' title='bbox 1077 2207 1116 2253; x_wconf 89' lang='lat' dir='ltr'><strong>an</strong></span> <span class='ocrx_word' id='word_1_157' title='bbox 1131 2188 1165 2253; x_wconf 92' lang='lat' dir='ltr'><strong>in</strong></span> <span class='ocrx_word' id='word_1_158' title='bbox 1180 2189 1311 2255; x_wconf 87' lang='lat' dir='ltr'><strong>ecclesia</strong></span> <span class='ocrx_word' id='word_1_159' title='bbox 1324 2189 1519 2273; x_wconf 85' lang='lat' dir='ltr'><strong>praesidente</strong></span> 
     </span>
     <span class='ocr_line' id='line_1_19' title="bbox 389 2289 1518 2374; baseline 0 -17"><span class='ocrx_word' id='word_1_160' title='bbox 389 2298 420 2358; x_wconf 88' lang='lat' dir='ltr'><strong>et</strong></span> <span class='ocrx_word' id='word_1_161' title='bbox 434 2292 592 2373; x_wconf 87' lang='lat' dir='ltr'><strong>spectante</strong></span> <span class='ocrx_word' id='word_1_162' title='bbox 605 2293 638 2356; x_wconf 91' lang='lat' dir='ltr'><strong>te</strong></span> <span class='ocrx_word' id='word_1_163' title='bbox 654 2290 807 2355; x_wconf 89' lang='lat' dir='ltr'><strong>eiusmodi</strong></span> <span class='ocrx_word' id='word_1_164' title='bbox 820 2309 935 2355; x_wconf 90' lang='lat' dir='ltr'><strong>munus</strong></span> <span class='ocrx_word' id='word_1_165' title='bbox 961 2292 1056 2355; x_wconf 73' lang='lat' dir='ltr'><strong>edam</strong></span> <span class='ocrx_word' id='word_1_166' title='bbox 1081 2289 1295 2374; x_wconf 81' lang='lat' dir='ltr'><strong>obpigneratis</strong></span> <span class='ocrx_word' id='word_1_167' title='bbox 1318 2290 1368 2356; x_wconf 89' lang='lat' dir='ltr'><strong>uel</strong></span> <span class='ocrx_word' id='word_1_168' title='bbox 1384 2293 1518 2357; x_wconf 80' lang='lat' dir='ltr'><strong>disbac-</strong></span> 
     </span>
     <span class='ocr_line' id='line_1_20' title="bbox 387 2390 1518 2471; baseline 0.001 -14"><span class='ocrx_word' id='word_1_169' title='bbox 387 2393 430 2458; x_wconf 89' lang='lat' dir='ltr'><strong>tis</strong></span> <span class='ocrx_word' id='word_1_170' title='bbox 451 2393 542 2458; x_wconf 88' lang='lat' dir='ltr'><strong>rebus</strong></span> <span class='ocrx_word' id='word_1_171' title='bbox 564 2391 646 2471; x_wconf 81' lang='lat' dir='ltr'><strong>suis,</strong></span> <span class='ocrx_word' id='word_1_172' title='bbox 676 2391 773 2456; x_wconf 89' lang='lat' dir='ltr'><strong>immo</strong></span> <span class='ocrx_word' id='word_1_173' title='bbox 795 2392 835 2456; x_wconf 89' lang='lat' dir='ltr'><strong>ad</strong></span> <span class='ocrx_word' id='word_1_174' title='bbox 857 2392 1004 2458; x_wconf 76' lang='lat' dir='ltr'><strong>molestes</strong></span> <span class='ocrx_word' id='word_1_175' title='bbox 1027 2390 1188 2457; x_wconf 87' lang='lat' dir='ltr'><strong>thesauros</strong></span> <span class='ocrx_word' id='word_1_176' title='bbox 1209 2393 1333 2458; x_wconf 86' lang='lat' dir='ltr'><strong>mutata</strong></span> <span class='ocrx_word' id='word_1_177' title='bbox 1354 2393 1388 2459; x_wconf 92' lang='lat' dir='ltr'><strong>in</strong></span> <span class='ocrx_word' id='word_1_178' title='bbox 1402 2395 1518 2460; x_wconf 87' lang='lat' dir='ltr'><strong>melius</strong></span> 
     </span>
     <span class='ocr_line' id='line_1_21' title="bbox 388 2493 1554 2580; baseline -0.003 -19"><span class='ocrx_word' id='word_1_179' title='bbox 388 2495 576 2580; x_wconf 88' lang='lat' dir='ltr'><strong>possessione</strong></span> <span class='ocrx_word' id='word_1_180' title='bbox 602 2496 772 2561; x_wconf 86' lang='lat' dir='ltr'><strong>translatis.</strong></span> <span class='ocrx_word' id='word_1_181' title='bbox 802 2495 836 2560; x_wconf 93' lang='lat' dir='ltr'><strong>in</strong></span> <span class='ocrx_word' id='word_1_182' title='bbox 861 2495 931 2559; x_wconf 89' lang='lat' dir='ltr'><strong>istis</strong></span> <span class='ocrx_word' id='word_1_183' title='bbox 956 2493 1136 2559; x_wconf 89' lang='lat' dir='ltr'><strong>muneribus</strong></span> <span class='ocrx_word' id='word_1_184' title='bbox 1161 2496 1240 2560; x_wconf 87' lang='lat' dir='ltr'><strong>meis</strong></span> <span class='ocrx_word' id='word_1_185' title='bbox 1266 2496 1391 2561; x_wconf 88' lang='lat' dir='ltr'><strong>caducis</strong></span> <span class='ocrx_word' id='word_1_186' title='bbox 1417 2499 1554 2578; x_wconf 78' lang='lat' dir='ltr'><strong>adqueeo</strong></span> 
     </span>
     <span class='ocr_line' id='line_1_22' title="bbox 387 2595 1518 2678; baseline 0 -15"><span class='ocrx_word' id='word_1_187' title='bbox 387 2596 518 2664; x_wconf 85' lang='lat' dir='ltr'><strong>terrenis</strong></span> <span class='ocrx_word' id='word_1_188' title='bbox 533 2613 623 2662; x_wconf 91' lang='lat' dir='ltr'><strong>nemo</strong></span> <span class='ocrx_word' id='word_1_189' title='bbox 638 2596 792 2678; x_wconf 82' lang='lat' dir='ltr'><strong>pascitur,</strong></span> <span class='ocrx_word' id='word_1_190' title='bbox 816 2613 907 2661; x_wconf 90' lang='lat' dir='ltr'><strong>nemo</strong></span> <span class='ocrx_word' id='word_1_191' title='bbox 922 2595 1071 2674; x_wconf 83' lang='lat' dir='ltr'><strong>nectitur,</strong></span> <span class='ocrx_word' id='word_1_192' title='bbox 1099 2613 1190 2660; x_wconf 90' lang='lat' dir='ltr'><strong>nemo</strong></span> <span class='ocrx_word' id='word_1_193' title='bbox 1216 2596 1278 2661; x_wconf 91' lang='lat' dir='ltr'><strong>cibi</strong></span> <span class='ocrx_word' id='word_1_194' title='bbox 1304 2597 1439 2664; x_wconf 88' lang='lat' dir='ltr'><strong>alicuius</strong></span> <span class='ocrx_word' id='word_1_195' title='bbox 1461 2603 1518 2663; x_wconf 90' lang='lat' dir='ltr'><strong>aut</strong></span> 
     </span>
     <span class='ocr_line' id='line_1_23' title="bbox 388 2696 1519 2783; baseline 0.001 -20"><span class='ocrx_word' id='word_1_196' title='bbox 388 2701 479 2779; x_wconf 87' lang='lat' dir='ltr'><strong>potus</strong></span> <span class='ocrx_word' id='word_1_197' title='bbox 504 2698 616 2763; x_wconf 83' lang='lat' dir='ltr'><strong>solacio</strong></span> <span class='ocrx_word' id='word_1_198' title='bbox 641 2696 824 2762; x_wconf 86' lang='lat' dir='ltr'><strong>sustinetur.</strong></span> <span class='ocrx_word' id='word_1_199' title='bbox 858 2697 969 2761; x_wconf 86' lang='lat' dir='ltr'><strong>cuncta</strong></span> <span class='ocrx_word' id='word_1_200' title='bbox 988 2696 1071 2762; x_wconf 89' lang='lat' dir='ltr'><strong>inter</strong></span> <span class='ocrx_word' id='word_1_201' title='bbox 1092 2696 1229 2762; x_wconf 85' lang='lat' dir='ltr'><strong>furorem</strong></span> <span class='ocrx_word' id='word_1_202' title='bbox 1250 2698 1369 2763; x_wconf 85' lang='lat' dir='ltr'><strong>edentis</strong></span> <span class='ocrx_word' id='word_1_203' title='bbox 1385 2704 1417 2765; x_wconf 90' lang='lat' dir='ltr'><strong>et</strong></span> <span class='ocrx_word' id='word_1_204' title='bbox 1431 2718 1519 2783; x_wconf 89' lang='lat' dir='ltr'><strong>spee-</strong></span> 
     </span>
     <span class='ocr_line' id='line_1_24' title="bbox 386 2798 1518 2883; baseline 0.002 -17"><span class='ocrx_word' id='word_1_205' title='bbox 386 2801 485 2866; x_wconf 86' lang='lat' dir='ltr'><strong>tautis</strong></span> <span class='ocrx_word' id='word_1_206' title='bbox 500 2816 634 2865; x_wconf 89' lang='lat' dir='ltr'><strong>errorem</strong></span> <span class='ocrx_word' id='word_1_207' title='bbox 648 2798 779 2883; x_wconf 82' lang='lat' dir='ltr'><strong>prodiga</strong></span> <span class='ocrx_word' id='word_1_208' title='bbox 800 2799 833 2863; x_wconf 88' lang='lat' dir='ltr'><strong>et</strong></span> <span class='ocrx_word' id='word_1_209' title='bbox 854 2800 955 2864; x_wconf 90' lang='lat' dir='ltr'><strong>stulta</strong></span> <span class='ocrx_word' id='word_1_210' title='bbox 975 2798 1176 2880; x_wconf 86' lang='lat' dir='ltr'><strong>uoluptatum</strong></span> <span class='ocrx_word' id='word_1_211' title='bbox 1190 2799 1410 2867; x_wconf 82' lang='lat' dir='ltr'><strong>frustrantium</strong></span> <span class='ocrx_word' id='word_1_212' title='bbox 1426 2803 1518 2868; x_wconf 88' lang='lat' dir='ltr'><strong>uani·</strong></span> 
     </span>
     <span class='ocr_line' id='line_1_25' title="bbox 387 2900 1518 2985; baseline 0.002 -18"><span class='ocrx_word' id='word_1_213' title='bbox 387 2903 453 2968; x_wconf 86' lang='lat' dir='ltr'><strong>tute</strong></span> <span class='ocrx_word' id='word_1_214' title='bbox 468 2902 645 2984; x_wconf 88' lang='lat' dir='ltr'><strong>depereunt.</strong></span> <span class='ocrx_word' id='word_1_215' title='bbox 668 2900 737 2966; x_wconf 91' lang='lat' dir='ltr'><strong>illic</strong></span> <span class='ocrx_word' id='word_1_216' title='bbox 752 2901 785 2966; x_wconf 94' lang='lat' dir='ltr'><strong>in</strong></span> <span class='ocrx_word' id='word_1_217' title='bbox 799 2900 985 2982; x_wconf 87' lang='lat' dir='ltr'><strong>pauperibus</strong></span> <span class='ocrx_word' id='word_1_218' title='bbox 1000 2901 1065 2965; x_wconf 90' lang='lat' dir='ltr'><strong>tuis</strong></span> <span class='ocrx_word' id='word_1_219' title='bbox 1080 2901 1115 2965; x_wconf 88' lang='lat' dir='ltr'><strong>lu</strong></span> <span class='ocrx_word' id='word_1_220' title='bbox 1131 2901 1257 2967; x_wconf 90' lang='lat' dir='ltr'><strong>uestiris</strong></span> <span class='ocrx_word' id='word_1_221' title='bbox 1273 2904 1305 2968; x_wconf 85' lang='lat' dir='ltr'><strong>et</strong></span> <span class='ocrx_word' id='word_1_222' title='bbox 1319 2905 1465 2985; x_wconf 84' lang='lat' dir='ltr'><strong>pasceris,</strong></span> <span class='ocrx_word' id='word_1_223' title='bbox 1482 2908 1518 2970; x_wconf 93' lang='lat' dir='ltr'><strong>tu</strong></span> 
     </span>
     <span class='ocr_line' id='line_1_26' title="bbox 388 2996 1554 3091; baseline -0.004 -20"><span class='ocrx_word' id='word_1_224' title='bbox 388 3007 546 3071; x_wconf 87' lang='lat' dir='ltr'><strong>aeternam</strong></span> <span class='ocrx_word' id='word_1_225' title='bbox 563 3004 663 3069; x_wconf 90' lang='lat' dir='ltr'><strong>uitam</strong></span> <span class='ocrx_word' id='word_1_226' title='bbox 677 3004 877 3085; x_wconf 82' lang='lat' dir='ltr'><strong>operantibus</strong></span> <span class='ocrx_word' id='word_1_227' title='bbox 892 3003 1064 3087; x_wconf 89' lang='lat' dir='ltr'><strong>polliceris:</strong></span> <span class='ocrx_word' id='word_1_228' title='bbox 1087 3007 1119 3070; x_wconf 90' lang='lat' dir='ltr'><strong>ct</strong></span> <span class='ocrx_word' id='word_1_229' title='bbox 1141 3004 1194 3069; x_wconf 84' lang='lat' dir='ltr'><strong>uix</strong></span> <span class='ocrx_word' id='word_1_230' title='bbox 1216 3005 1264 3070; x_wconf 86' lang='lat' dir='ltr'><strong>tui</strong></span> <span class='ocrx_word' id='word_1_231' title='bbox 1286 3006 1365 3071; x_wconf 92' lang='lat' dir='ltr'><strong>meis</strong></span> <span class='ocrx_word' id='word_1_232' title='bbox 1386 2996 1554 3091; x_wconf 76' lang='lat' dir='ltr'><strong>pendan-ss</strong></span> 
     </span>
     <span class='ocr_line' id='line_1_27' title="bbox 387 3105 1519 3190; baseline 0.003 -17"><span class='ocrx_word' id='word_1_233' title='bbox 387 3108 475 3173; x_wconf 88' lang='lat' dir='ltr'><strong>tibus</strong></span> <span class='ocrx_word' id='word_1_234' title='bbox 496 3108 708 3190; x_wconf 84' lang='lat' dir='ltr'><strong>adaequantur</strong></span> <span class='ocrx_word' id='word_1_235' title='bbox 729 3106 817 3189; x_wconf 87' lang='lat' dir='ltr'><strong>quia</strong></span> <span class='ocrx_word' id='word_1_236' title='bbox 838 3107 870 3171; x_wconf 87' lang='lat' dir='ltr'><strong>te</strong></span> <span class='ocrx_word' id='word_1_237' title='bbox 892 3105 1010 3171; x_wconf 89' lang='lat' dir='ltr'><strong>diuinis</strong></span> <span class='ocrx_word' id='word_1_238' title='bbox 1032 3105 1225 3171; x_wconf 87' lang='lat' dir='ltr'><strong>mercedibus</strong></span> <span class='ocrx_word' id='word_1_239' title='bbox 1240 3108 1272 3172; x_wconf 89' lang='lat' dir='ltr'><strong>et</strong></span> <span class='ocrx_word' id='word_1_240' title='bbox 1286 3108 1434 3190; x_wconf 85' lang='lat' dir='ltr'><strong>praemiis</strong></span> <span class='ocrx_word' id='word_1_241' title='bbox 1448 3127 1519 3176; x_wconf 88' lang='lat' dir='ltr'><strong>cae·</strong></span> 
     </span>
     <span class='ocr_line' id='line_1_28' title="bbox 387 3203 739 3277; baseline 0 -3"><span class='ocrx_word' id='word_1_242' title='bbox 387 3211 520 3276; x_wconf 82' lang='lat' dir='ltr'><strong>lectibus</strong></span> <span class='ocrx_word' id='word_1_243' title='bbox 534 3203 739 3277; x_wconf 67' lang='lat' dir='ltr'><strong>honorantur?</strong></span> 
     </span>
    </p>
   </div>
   <div class='ocr_carea' id='block_1_4' title="bbox 384 3460 1522 4290">
    <p class='ocr_par' dir='ltr' id='par_1_4' title="bbox 384 3460 1522 4290">
     <span class='ocr_line' id='line_1_29' title="bbox 442 3460 1521 3531; baseline -0.004 -11"><span class='ocrx_word' id='word_1_244' title='bbox 442 3465 457 3520; x_wconf 94' lang='lat'>1</span> <span class='ocrx_word' id='word_1_245' title='bbox 478 3461 670 3518; x_wconf 63' lang='lat' dir='ltr'><strong>numeraria&amp;</strong></span> <span class='ocrx_word' id='word_1_246' title='bbox 720 3463 739 3516; x_wconf 75' lang='lat'><strong>2</strong></span> <span class='ocrx_word' id='word_1_247' title='bbox 756 3464 897 3531; x_wconf 85' lang='lat' dir='ltr'><strong>operantes</strong></span> <span class='ocrx_word' id='word_1_248' title='bbox 911 3463 993 3515; x_wconf 85' lang='lat' dir='ltr'><strong>Wtcs</strong></span> <span class='ocrx_word' id='word_1_249' title='bbox 1006 3478 1076 3515; x_wconf 81' lang='lat' dir='ltr'><strong>corr.</strong></span> <span class='ocrx_word' id='word_1_250' title='bbox 1130 3460 1289 3516; x_wconf 77' lang='lat' dir='ltr'><strong>drcburF</strong></span> <span class='ocrx_word' id='word_1_251' title='bbox 1347 3462 1447 3516; x_wconf 73' lang='lat' dir='ltr'><strong>dante</strong></span> <span class='ocrx_word' id='word_1_252' title='bbox 1459 3477 1521 3516; x_wconf 89' lang='lat' dir='ltr'><strong>ocu·</strong></span> 
     </span>
     <span class='ocr_line' id='line_1_30' title="bbox 387 3545 1520 3616; baseline -0.001 -13"><span class='ocrx_word' id='word_1_253' title='bbox 387 3549 428 3603; x_wconf 91' lang='lat' dir='ltr'><strong>los</strong></span> <span class='ocrx_word' id='word_1_254' title='bbox 440 3563 501 3602; x_wconf 85' lang='lat' dir='ltr'><strong>suos</strong></span> <span class='ocrx_word' id='word_1_255' title='bbox 514 3548 553 3604; x_wconf 77' lang='lat' dir='ltr'><strong><em>W</em></strong></span> <span class='ocrx_word' id='word_1_256' title='bbox 561 3563 582 3602; x_wconf 88' lang='lat' dir='ltr'><strong>e.</strong></span> <span class='ocrx_word' id='word_1_257' title='bbox 593 3547 612 3601; x_wconf 84' lang='lat' dir='ltr'><strong>l.</strong></span> <span class='ocrx_word' id='word_1_258' title='bbox 623 3563 658 3601; x_wconf 80' lang='lat' dir='ltr'><strong>ou</strong></span> <span class='ocrx_word' id='word_1_259' title='bbox 669 3548 690 3600; x_wconf 73' lang='grc'><strong><em>2</em></strong></span> <span class='ocrx_word' id='word_1_260' title='bbox 756 3546 814 3601; x_wconf 88' lang='lat' dir='ltr'><strong>suis</strong></span> <span class='ocrx_word' id='word_1_261' title='bbox 825 3546 912 3602; x_wconf 87' lang='lat' dir='ltr'><strong>seruis</strong></span> <span class='ocrx_word' id='word_1_262' title='bbox 929 3545 993 3600; x_wconf 81' lang='lat' dir='ltr'><strong>We</strong></span> <span class='ocrx_word' id='word_1_263' title='bbox 1004 3552 1031 3601; x_wconf 86' lang='lat' dir='ltr'><strong>ct</strong></span> <span class='ocrx_word' id='word_1_264' title='bbox 1041 3548 1160 3616; x_wconf 71' lang='lat' dir='ltr'><strong>Aspare.</strong></span> <span class='ocrx_word' id='word_1_265' title='bbox 1174 3552 1274 3601; x_wconf 80' lang='lat' dir='ltr'><strong>contra</strong></span> <span class='ocrx_word' id='word_1_266' title='bbox 1285 3545 1358 3601; x_wconf 76' lang='lat' dir='ltr'><strong>daus</strong></span> <span class='ocrx_word' id='word_1_267' title='bbox 1369 3547 1447 3615; x_wconf 81' lang='lat' dir='ltr'><strong>epist.</strong></span> <span class='ocrx_word' id='word_1_268' title='bbox 1460 3547 1520 3602; x_wconf 79' lang='lat' dir='ltr'><strong>Pel.</strong></span> 
     </span>
     <span class='ocr_line' id='line_1_31' title="bbox 388 3631 1469 3703; baseline -0.006 -12"><span class='ocrx_word' id='word_1_269' title='bbox 388 3634 441 3699; x_wconf 84' lang='lat' dir='ltr'><strong>IV,</strong></span> <span class='ocrx_word' id='word_1_270' title='bbox 452 3637 526 3698; x_wconf 61' lang='lat'><strong>&amp;21</strong></span> <span class='ocrx_word' id='word_1_271' title='bbox 576 3631 683 3702; x_wconf 84' lang='lat' dir='ltr'><strong>bplcbe</strong></span> <span class='ocrx_word' id='word_1_272' title='bbox 694 3631 886 3703; x_wconf 77' lang='lat' dir='ltr'><strong>olipaotcodd.</strong></span> <span class='ocrx_word' id='word_1_273' title='bbox 897 3633 1018 3702; x_wconf 75' lang='lat' dir='ltr'><strong>Aupscst.</strong></span> <span class='ocrx_word' id='word_1_274' title='bbox 1071 3633 1089 3686; x_wconf 85' lang='grc'>6</span> <span class='ocrx_word' id='word_1_275' title='bbox 1106 3631 1243 3702; x_wconf 83' lang='lat' dir='ltr'><strong>ipsumW</strong></span> <span class='ocrx_word' id='word_1_276' title='bbox 1292 3631 1419 3686; x_wconf 71' lang='lat' dir='ltr'><strong>erebum</strong></span> <span class='ocrx_word' id='word_1_277' title='bbox 1430 3633 1469 3686; x_wconf 76' lang='lat'><strong>0¹</strong></span> 
     </span>
     <span class='ocr_line' id='line_1_32' title="bbox 387 3715 1472 3786; baseline -0.005 -11"><span class='ocrx_word' id='word_1_278' title='bbox 387 3719 531 3775; x_wconf 65' lang='lat' dir='ltr'><strong>ecdem&amp;</strong></span> <span class='ocrx_word' id='word_1_279' title='bbox 583 3719 616 3772; x_wconf 92' lang='lat'><strong>11</strong></span> <span class='ocrx_word' id='word_1_280' title='bbox 628 3717 699 3773; x_wconf 89' lang='lat' dir='ltr'><strong>mibi</strong></span> <span class='ocrx_word' id='word_1_281' title='bbox 709 3718 797 3773; x_wconf 81' lang='lat' dir='ltr'><strong>Wal.</strong></span> <span class='ocrx_word' id='word_1_282' title='bbox 809 3723 873 3773; x_wconf 63' lang='grc' dir='ltr'><em>Μ</em></span> <span class='ocrx_word' id='word_1_283' title='bbox 925 3717 958 3771; x_wconf 82' lang='lat'><strong>18</strong></span> <span class='ocrx_word' id='word_1_284' title='bbox 976 3716 1174 3786; x_wconf 87' lang='lat' dir='ltr'><strong>comparatione</strong></span> <span class='ocrx_word' id='word_1_285' title='bbox 1188 3717 1243 3778; x_wconf 71' lang='lat' dir='ltr'><strong>du,</strong></span> <span class='ocrx_word' id='word_1_286' title='bbox 1260 3715 1429 3785; x_wconf 80' lang='lat' dir='ltr'><strong>obligatione</strong></span> <span class='ocrx_word' id='word_1_287' title='bbox 1439 3719 1472 3769; x_wconf 84' lang='lat' dir='ltr'><em>W</em></span> 
     </span>
     <span class='ocr_line' id='line_1_33' title="bbox 388 3800 1520 3872; baseline -0.003 -11"><span class='ocrx_word' id='word_1_288' title='bbox 388 3807 422 3861; x_wconf 84' lang='lat'><strong>14</strong></span> <span class='ocrx_word' id='word_1_289' title='bbox 434 3802 606 3860; x_wconf 79' lang='lat' dir='ltr'><strong>acccaeritG</strong></span> <span class='ocrx_word' id='word_1_290' title='bbox 657 3803 691 3857; x_wconf 89' lang='grc'><strong>16</strong></span> <span class='ocrx_word' id='word_1_291' title='bbox 706 3802 860 3872; x_wconf 83' lang='lat' dir='ltr'><strong>lapidentur</strong></span> <span class='ocrx_word' id='word_1_292' title='bbox 874 3804 910 3857; x_wconf 73' lang='grc' dir='ltr'><strong>θ’</strong></span> <span class='ocrx_word' id='word_1_293' title='bbox 969 3800 1134 3871; x_wconf 85' lang='lat' dir='ltr'><strong>demonstral</strong></span> <span class='ocrx_word' id='word_1_294' title='bbox 1147 3801 1213 3856; x_wconf 85' lang='lat' dir='ltr'><strong>cdd.</strong></span> <span class='ocrx_word' id='word_1_295' title='bbox 1226 3802 1437 3871; x_wconf 61' lang='lat' dir='ltr'><strong>Munatium</strong></span> <span class='ocrx_word' id='word_1_296' title='bbox 1446 3801 1520 3871; x_wconf 73' lang='lat' dir='ltr'><strong>Vi).-</strong></span> 
     </span>
     <span class='ocr_line' id='line_1_34' title="bbox 386 3885 1521 3960; baseline -0.003 -16"><span class='ocrx_word' id='word_1_297' title='bbox 386 3889 538 3960; x_wconf 84' lang='lat' dir='ltr'><strong>praeceptis</strong></span> <span class='ocrx_word' id='word_1_298' title='bbox 554 3888 611 3942; x_wconf 87' lang='lat' dir='ltr'><strong>tuis</strong></span> <span class='ocrx_word' id='word_1_299' title='bbox 627 3887 744 3943; x_wconf 88' lang='lat' dir='ltr'><strong>monitos</strong></span> <span class='ocrx_word' id='word_1_300' title='bbox 761 3890 791 3941; x_wconf 88' lang='lat' dir='ltr'><strong>et</strong></span> <span class='ocrx_word' id='word_1_301' title='bbox 806 3902 854 3956; x_wconf 90' lang='lat' dir='ltr'><strong>pro</strong></span> <span class='ocrx_word' id='word_1_302' title='bbox 872 3887 987 3942; x_wconf 89' lang='lat' dir='ltr'><strong>terrenis</strong></span> <span class='ocrx_word' id='word_1_303' title='bbox 1004 3886 1134 3942; x_wconf 70' lang='lat' dir='ltr'><strong>molestia</strong></span> <span class='ocrx_word' id='word_1_304' title='bbox 1151 3888 1301 3956; x_wconf 88' lang='lat' dir='ltr'><strong>recepturos</strong></span> <span class='ocrx_word' id='word_1_305' title='bbox 1406 3886 1439 3940; x_wconf 74' lang='lat'><strong>17</strong></span> <span class='ocrx_word' id='word_1_306' title='bbox 1458 3885 1521 3942; x_wconf 87' lang='lat' dir='ltr'><strong>illos</strong></span> 
     </span>
     <span class='ocr_line' id='line_1_35' title="bbox 389 3972 1522 4043; baseline -0.004 -11"><span class='ocrx_word' id='word_1_307' title='bbox 389 3979 452 4032; x_wconf 84' lang='lat' dir='ltr'><strong>Ge.</strong></span> <span class='ocrx_word' id='word_1_308' title='bbox 467 3976 484 4031; x_wconf 85' lang='lat' dir='ltr'><strong>l.</strong></span> <span class='ocrx_word' id='word_1_309' title='bbox 497 3978 568 4032; x_wconf 61' lang='lat' dir='ltr'><strong>cusi</strong></span> <span class='ocrx_word' id='word_1_310' title='bbox 636 3973 777 4029; x_wconf 82' lang='lat' dir='ltr'><strong>affluentes</strong></span> <span class='ocrx_word' id='word_1_311' title='bbox 796 3973 850 4030; x_wconf 86' lang='lat' dir='ltr'><strong>Wc</strong></span> <span class='ocrx_word' id='word_1_312' title='bbox 936 3972 1041 4029; x_wconf 64' lang='lat' dir='ltr'><strong>anui}</strong></span> <span class='ocrx_word' id='word_1_313' title='bbox 1127 3973 1161 4028; x_wconf 81' lang='lat'><strong>18</strong></span> <span class='ocrx_word' id='word_1_314' title='bbox 1178 3973 1216 4042; x_wconf 88' lang='lat' dir='ltr'><strong>te]</strong></span> <span class='ocrx_word' id='word_1_315' title='bbox 1233 3974 1265 4026; x_wconf 87' lang='lat' dir='ltr'><strong>ut</strong></span> <span class='ocrx_word' id='word_1_316' title='bbox 1280 3972 1306 4026; x_wconf 77' lang='grc' dir='ltr'><em>θ</em></span> <span class='ocrx_word' id='word_1_317' title='bbox 1391 3972 1522 4043; x_wconf 70' lang='lat' dir='ltr'><strong>oppigno-</strong></span> 
     </span>
     <span class='ocr_line' id='line_1_36' title="bbox 386 4059 1470 4117; baseline -0.004 0"><span class='ocrx_word' id='word_1_318' title='bbox 386 4062 484 4117; x_wconf 84' lang='lat' dir='ltr'><strong>ratiac</strong></span> <span class='ocrx_word' id='word_1_319' title='bbox 553 4062 587 4116; x_wconf 86' lang='grc'><strong>19</strong></span> <span class='ocrx_word' id='word_1_320' title='bbox 603 4060 764 4116; x_wconf 85' lang='lat' dir='ltr'><strong>thensauros</strong></span> <span class='ocrx_word' id='word_1_321' title='bbox 779 4059 828 4115; x_wconf 83' lang='lat' dir='ltr'><strong>W‘</strong></span> <span class='ocrx_word' id='word_1_322' title='bbox 908 4059 944 4114; x_wconf 71' lang='lat'><strong>20</strong></span> <span class='ocrx_word' id='word_1_323' title='bbox 960 4059 1130 4114; x_wconf 72' lang='lat' dir='ltr'><strong>emistus</strong></span> <span class='ocrx_word' id='word_1_324' title='bbox 1198 4059 1234 4112; x_wconf 77' lang='grc'><strong>22</strong></span> <span class='ocrx_word' id='word_1_325' title='bbox 1251 4061 1417 4114; x_wconf 76' lang='lat' dir='ltr'><strong>mtcutetnr</strong></span> <span class='ocrx_word' id='word_1_326' title='bbox 1431 4060 1470 4113; x_wconf 71' lang='grc' dir='ltr'><strong>θ’</strong></span> 
     </span>
     <span class='ocr_line' id='line_1_37' title="bbox 386 4142 1520 4217; baseline -0.002 -14"><span class='ocrx_word' id='word_1_327' title='bbox 386 4148 422 4204; x_wconf 75' lang='lat'><strong>23</strong></span> <span class='ocrx_word' id='word_1_328' title='bbox 440 4146 642 4217; x_wconf 69' lang='lat' dir='ltr'><strong>frustramiuml</strong></span> <span class='ocrx_word' id='word_1_329' title='bbox 659 4145 855 4217; x_wconf 84' lang='lat' dir='ltr'><strong>prostrantiuru</strong></span> <span class='ocrx_word' id='word_1_330' title='bbox 872 4145 905 4201; x_wconf 84' lang='lat' dir='ltr'><strong><em>F</em></strong></span> <span class='ocrx_word' id='word_1_331' title='bbox 987 4145 1023 4199; x_wconf 76' lang='lat'><strong>25</strong></span> <span class='ocrx_word' id='word_1_332' title='bbox 1040 4142 1215 4215; x_wconf 85' lang='lat' dir='ltr'><strong>perdentibus</strong></span> <span class='ocrx_word' id='word_1_333' title='bbox 1230 4143 1385 4210; x_wconf 77' lang='lat' dir='ltr'><strong>F¹Wev,</strong></span> <span class='ocrx_word' id='word_1_334' title='bbox 1408 4161 1520 4216; x_wconf 85' lang='lat' dir='ltr'><strong>percun-</strong></span> 
     </span>
     <span class='ocr_line' id='line_1_38' title="bbox 384 4233 534 4290; baseline -0.007 -1"><span class='ocrx_word' id='word_1_335' title='bbox 384 4235 460 4290; x_wconf 88' lang='lat' dir='ltr'><strong>tibus</strong></span> <span class='ocrx_word' id='word_1_336' title='bbox 472 4233 534 4289; x_wconf 70' lang='lat' dir='ltr'><strong>Fu</strong></span> 
     </span>
    </p>
   </div>
   <div class='ocr_carea' id='block_1_5' title="bbox 0 0 2010 5034">
    <p class='ocr_par' dir='ltr' id='par_1_5' title="bbox 0 0 2010 5034">
     <span class='ocr_line' id='line_1_39' title="bbox 0 0 2010 5034; baseline 0 0"><span class='ocrx_word' id='word_1_337' title='bbox 0 0 2010 5034; x_wconf 95' lang='lat' dir='ltr'><strong> </strong></span> 
     </span>
    </p>
   </div>
  </div>
 </body>
</html>
