4009 5034
416 346 482 414 200
812 340 958 399 Caecilii
976 339 1139 413 cypriani

416 500 482 567 rint
501 497 577 581 quid
597 495 660 564 sibi
682 497 800 582 nuptae
814 515 873 581 per
885 496 1028 579 plaoendi
1042 494 1184 562 studium
1198 495 1237 563 do
1251 493 1420 580 eoniugum
1435 492 1551 562 solatio

416 601 635 680 blandiantur,
657 616 735 683 quos
750 598 827 665 dum
842 598 875 665 in
890 598 1119 665 exeusationem
1138 617 1227 665 suam
1248 598 1425 681 proferunt,
1448 598 1489 664 ad
1503 614 1555 662 so·

415 704 562 770 eistatom
577 701 761 769 criminosae
776 701 985 768 consensionis
999 699 1186 766 admiscent.
1209 699 1347 784 uirgines
1362 701 1456 778 uerte,
1484 698 1556 784 qui·

414 805 474 872 bus
488 805 540 871 hie
554 822 656 870 sermo
671 823 732 870 uon
746 804 891 883 oonsulit,
907 822 986 887 quae
1000 821 1034 869 se
1049 803 1201 870 eiusmodi
1215 802 1337 869 artibus
1351 802 1553 886 eompserint,

413 907 495 974 inter
509 906 649 993 uirgines
663 924 726 973 non
739 908 849 990 putem
863 906 974 973 debere
984 904 1142 973 numerari
1153 904 1208 973 sad
1218 906 1383 989 tamquam
1395 904 1554 971 mutaelas
1575 926 1589 968 ι

413 1028 487 1076 oues
501 1012 534 1077 et
547 1008 708 1075 morbidas
721 1010 854 1092 peoudes
868 1029 889 1074 a
903 1012 1009 1076 saneto
1023 1013 1056 1076 et
1070 1026 1148 1091 puro
1168 1027 1263 1095 grege
1284 1009 1480 1094 uirginitatis
1501 1027 1554 1075 ar-

413 1116 492 1194 eeri,
514 1132 553 1179 ne
574 1112 718 1198 oontagio
740 1129 796 1178 suo
819 1114 937 1178 oeteras
959 1111 1117 1196 polluant,
1139 1111 1216 1177 dum
1236 1110 1333 1178 simul
1353 1112 1489 1196 degunt,
1511 1130 1551 1177 ne

412 1219 545 1300 perdant
564 1215 645 1282 alias
666 1232 880 1298 quaecumque
905 1215 1073 1298 perierunt.

364 1310 404 1375 18
455 1319 498 1384 Ilt
513 1318 660 1401 quoniam
675 1316 887 1383 continentiae
907 1317 1025 1382 bonum
1048 1315 1240 1399 quaerimus,
1261 1317 1435 1401 peruiciosa
1456 1334 1552 1401 quae·

412 1440 473 1504 que
487 1420 520 1486 et
533 1419 648 1485 infesta
661 1417 812 1485 uitemus.
835 1437 892 1485 neo
906 1418 964 1484 illa
979 1420 1153 1500 praetereo,
1169 1437 1248 1500 quse
1262 1418 1339 1483 dum
1353 1418 1553 1503 neglegentia
1563 1433 1590 1474 ιο

414 1522 449 1587 iu
462 1539 556 1586 usum
569 1520 717 1598 ueniunt,
742 1523 851 1585 eontra
872 1520 1000 1600 pudieus
1016 1521 1049 1583 et
1062 1517 1181 1584 sobrios
1195 1536 1297 1584 mores
1311 1519 1473 1584 licentiam
1487 1519 1550 1584 sibi

414 1624 453 1687 de
466 1622 666 1705 usurpatione
681 1619 830 1685 feeenmt.
847 1620 998 1702 quasdam
1013 1639 1073 1686 non
1087 1619 1185 1701 pudet
1198 1619 1389 1687 nubentibus
1403 1620 1554 1686 interesse

410 1725 443 1790 et
456 1726 490 1790 in
504 1724 562 1791 illa
575 1722 810 1789 lasciuientium
825 1723 972 1789 libertato
983 1739 1160 1789 sermonum
1180 1722 1341 1805 conloquia
1357 1722 1475 1788 inoesta
1491 1722 1554 1787 mi·

410 1845 510 1904 suere,
533 1826 640 1893 audire
654 1827 737 1909 quod
753 1844 815 1892 non
830 1826 934 1904 decet,
957 1825 1042 1909 quod
1064 1842 1124 1890 non
1149 1824 1224 1890 lieet
1250 1824 1367 1903 dieers,
1389 1824 1554 1891 obseruare

412 1931 446 1995 et
459 1946 526 1994 esse
540 1931 716 2012 praesentes
730 1929 814 1993 inter
828 1929 926 1994 uerba
940 1926 1047 2011 trupis
1062 1928 1095 1992 et
1108 1927 1282 1992 temulenta
1295 1927 1459 2005 conuiuia,
1482 1928 1554 2011 qui-
1563 1944 1589 1985 rs

411 2031 470 2095 bus
484 2029 654 2095 libidinum
668 2030 768 2095 fomes
782 2029 976 2108 ostenditur,
990 2045 1103 2110 sponsa
1116 2028 1157 2093 ad
1170 2028 1357 2109 patientiam
1371 2029 1489 2114 stupri,
1504 2028 1545 2096 ad

407 2131 569 2200 audaciam
603 2150 734 2216 sponsus
766 2132 935 2198 animatur.
965 2131 1037 2214 quis
1059 2130 1108 2196 illi
1130 2130 1163 2195 iu
1184 2131 1303 2213 nuptiis
1324 2130 1411 2198 loeus
1433 2137 1482 2200 est
1503 2135 1555 2199 eui

408 2234 534 2301 animus
548 2236 588 2300 ad
602 2235 730 2318 nuptias
745 2251 806 2299 non
821 2237 880 2311 est,
896 2235 952 2299 aut
966 2232 1147 2316 uoluptaria
1161 2232 1229 2298 illio
1245 2233 1277 2298 et
1290 2233 1376 2299 laeta
1391 2252 1458 2300 esse
1472 2254 1553 2318 quoe

408 2336 548 2419 possunt,
560 2336 615 2400 ubi
626 2337 660 2400 et
670 2335 776 2401 studia
785 2338 819 2401 et
830 2337 906 2401 uota
916 2335 1041 2402 diuersa
1051 2337 1147 2402 surse
1158 2335 1233 2418 quid
1243 2334 1310 2402 illio
1321 2338 1463 2417 discitur,
1477 2338 1554 2420 quid

408 2438 555 2503 uidetur?
571 2438 725 2520 quantum
747 2455 767 2502 a
787 2437 946 2520 proposito
967 2456 1023 2505 suo
1045 2438 1135 2524 uirgo
1155 2441 1277 2508 dedeitl
1294 2444 1448 2525 quantum
1459 2442 1588 2527 iupa-¹0

407 2539 516 2618 dicier,
532 2558 610 2622 quae
624 2540 753 2605 uenerat
763 2539 886 2622 pudiea,
901 2540 1049 2607 disoeditt
1064 2558 1188 2624 eomore
1203 2543 1278 2610 lieet
1291 2544 1382 2629 uirgo
1397 2562 1435 2611 ae
1448 2547 1553 2611 mente

407 2642 604 2724 permaneat,
627 2641 742 2721 oeulis,
765 2643 912 2721 auribus,
934 2642 1045 2728 lingua
1065 2644 1182 2710 minuit
1202 2645 1259 2710 illa
1280 2648 1363 2729 quod
1383 2647 1529 2713 habebat

360 2737 399 2800 ¹⁹
452 2741 536 2822 Quid
557 2760 630 2810 uero
651 2762 732 2825 quae
757 2744 949 2825 promiscuas
963 2744 1091 2811 balneas
1105 2744 1221 2812 adeunt
1242 2766 1382 2831 quaeque
1396 2748 1495 2814 oeulis
1510 2750 1551 2815 ad

406 2844 572 2911 libidinem
599 2844 729 2911 ousiosis
755 2844 867 2927 pudori
892 2863 930 2912 ae
954 2845 1126 2930 pudicitiae
1151 2865 1278 2931 oorpora
1305 2848 1409 2916 dieata
1434 2850 1550 2934 prosti-

377 2947 380 2952 ’
406 2948 524 3013 luunt?
546 2964 626 3030 qnae
639 2964 712 3013 oum
726 2945 805 3013 uiris
819 2949 919 3031 adque
933 2949 1019 3014 uiros
1032 2948 1134 3036 nudae
1154 2949 1264 3017 uident
1285 2951 1420 3035 turpiter
1440 2972 1479 3021 aa
1500 2954 1585 3021 ui-rs

459 3169 475 3221 1
492 3168 593 3238 nuptae
605 3165 659 3221 sibi
671 3166 702 3221 D
778 3167 984 3223 tonsuratione
995 3184 1046 3223 sua
1059 3168 1098 3225 W
1172 3171 1191 3225 4
1207 3185 1261 3226 nen
1273 3170 1339 3228 SW
1342 3212 1350 3238 ,
1368 3187 1440 3228 uune
1451 3171 1497 3227 Do

407 3250 586 3324 compseritS
635 3250 827 3324 brugnus
876 3256 974 3324 putent
989 3253 1017 3309 V
1066 3255 1082 3308 1
1100 3256 1247 3326 no]neeD
1298 3257 1373 3329 dum]
1385 3273 1447 3313 eum
1459 3259 1499 3313 W

408 3338 443 3395 10
459 3339 580 3394 ultanum
596 3337 637 3394 W
721 3337 796 3409 dum]
812 3338 910 3394 eumd
989 3339 1025 3395 12
1037 3357 1090 3395 nou
1101 3341 1162 3397 De.
1176 3343 1193 3397 l
1205 3345 1273 3398 Μ
1359 3343 1548 3399 1311111ωοὶ-

407 3423 540 3481 hiantium
552 3423 594 3489 D,
613 3422 839 3479 illaseiuientium
851 3424 876 3481 S
890 3425 973 3495 (inter
993 3426 1072 3481 illam
1092 3426 1281 3483 lasciuientem
1298 3428 1455 3484 libertatem
1468 3432 1496 3500 o)

407 3511 442 3566 14
459 3509 556 3565 audere
566 3508 597 3563 D
674 3508 752 3564 deest
763 3512 792 3564 et
808 3509 837 3563 V
901 3526 953 3566 non
964 3510 1052 3568 orae?
1127 3511 1269 3568 obseruare
1281 3512 1310 3578 S,
1323 3513 1461 3570 obseruari
1472 3514 1547 3581 WD,

405 3595 546 3652 obuersari
563 3595 732 3666 Maeotim
754 3597 791 3664 ef.
809 3593 932 3652 &onore
944 3597 1049 3653 obseres
1066 3613 1094 3666 p.
1105 3600 1162 3654 322
1231 3599 1266 3654 15
1282 3603 1311 3655 et
1326 3600 1404 3669 (oste
1419 3604 1489 3670 esse)
1501 3616 1549 3656 ex·

401 3682 510 3751 paravit
527 3680 692 3751 Krubs'sper
762 3681 796 3737 16
807 3681 970 3751 sponsamS
1032 3683 1065 3736 1‘1
1083 3682 1140 3752 illi]
1152 3683 1210 3738 illis
1219 3683 1312 3740 SWD
1363 3686 1457 3757 nuptia
1467 3684 1496 3740 D

407 3766 441 3823 18
458 3764 650 3822 uoluntarias
700 3767 734 3822 19
751 3768 780 3820 et
791 3767 870 3836 (unte
880 3766 985 3838 studia)
996 3781 1047 3822 ona
1059 3766 1098 3822 W
1147 3767 1183 3824 20
1198 3768 1299 3824 deiecit
1311 3769 1363 3825 SD
1413 3774 1547 3840 quantum

406 3851 538 3916 eWDV,
557 3850 663 3919 quaudo
675 3851 721 3905 oet
732 3853 834 3920 quanto
846 3868 864 3907 o
914 3851 950 3906 21
967 3852 1120 3921 inpudieior
1129 3853 1269 3924 -pndies
1280 3854 1343 3920 SV,
1361 3855 1547 3924 ..pudicior-

405 3935 533 4006 inpudiea
548 3936 599 4005 W,
617 3934 778 4006 impudieior
786 3966 821 3977 —
834 3936 973 4007 impudica
988 3936 1035 4004 D,
1053 3938 1152 4009 pudiea
1162 3969 1193 3981 -
1203 3938 1365 4010 impudioior
1384 3940 1441 4010 (uel
1458 3940 1546 4011 impu-

405 4020 505 4093 dica)o
573 4021 609 4076 22
626 4019 706 4091 quod]
720 4035 818 4090 quaer
886 4023 922 4077 22
939 4038 1035 4093 quaeq.
1048 4023 1083 4089 S,
1096 4038 1165 4094 quae
1178 4022 1262 4081 WDo
1312 4025 1357 4097 ,24
1373 4025 1473 4098 dimta]
1485 4026 1548 4083 dios

406 4107 441 4173 8,
459 4107 547 4162 inlata
559 4106 589 4162 D
674 4106 711 4161 25
727 4108 879 4178 quaecum]
892 4125 1049 4180 quaeeumq.
1062 4109 1086 4166 S
1177 4110 1246 4166 uiris
1258 4110 1319 4182 adq.
1332 4112 1405 4167 uiros
1419 4111 1453 4178 S,
1472 4112 1546 4169 uiros

404 4194 487 4263 atque
498 4209 516 4248 a
526 4192 595 4248 uiris
604 4192 690 4249 WDo
705 4193 763 4250 uisi
779 4194 854 4266 quod
866 4198 922 4267 atq.
934 4196 968 4252 in
982 4196 1081 4253 Wal
1098 4197 1167 4252 m?
1226 4195 1365 4270 uidentur]
1378 4200 1497 4272 aggeretur
1512 4199 1542 4255 D

404 4278 471 4349 (pud
483 4280 567 4349 eras.)
