4009 5034
664 365 868 420 Sententiae
886 364 1126 435 episcoporum
1145 381 1190 418 ur.
1209 365 1323 420 crs-73.
1497 366 1562 431 457

772 644 949 706 Donetulus
964 662 984 705 e
999 643 1098 721 cepoe
1114 643 1210 704 dixit:

466 759 508 824 iit
522 777 580 845 ego
595 778 717 843 semper
731 759 790 826 hoe
804 761 902 838 sensi,
928 763 964 826 ut
978 760 1127 827 haeretiei
1150 760 1204 843 qui
1227 759 1309 825 nihil
1331 759 1409 824 foris
1432 760 1563 841 possunt
1574 760 1616 823 tt

421 862 586 945 consequi,
608 862 732 945 quondo
746 865 786 929 od
802 863 964 930 ecclesium
980 864 1220 940 conuertuntur,
1243 862 1451 944 baptizentur.

754 1072 890 1134 verulus
904 1090 925 1133 e
937 1072 1116 1134 Reducede
1130 1072 1227 1132 dixit:

401 1198 414 1238 ⁵
467 1187 569 1252 Homo
584 1188 759 1253 haereticus
774 1188 848 1253 duro
862 1207 922 1252 non
937 1190 1042 1270 potest
1057 1187 1141 1269 quod
1156 1203 1217 1251 uon
1232 1186 1346 1251 hebet:
1372 1184 1472 1248 multo
1494 1184 1617 1248 ruri-it

423 1288 473 1373 gis
488 1289 706 1355 schismaticus
721 1289 804 1372 quod
819 1289 931 1355 habuit
949 1289 1067 1355 emisit.

744 1516 959 1577 Pudentienus
975 1533 995 1575 e
1011 1514 1131 1577 Guienli
1147 1516 1242 1578 dixit:

468 1631 601 1697 Nouitus
616 1630 811 1713 episcopatus
826 1630 946 1708 effecit,
961 1631 1076 1696 fratros
1091 1629 1307 1708 dilectissimi,
1324 1634 1361 1697 ut
1374 1629 1563 1695 sustinerem
1573 1637 1612 1701 71

425 1733 500 1815 quid
515 1732 647 1798 maiores
667 1730 852 1798 iudicarent.
876 1752 948 1798 nam
974 1732 1116 1799 haereses
1143 1733 1223 1798 nihii
1249 1734 1366 1800 hebere
1392 1750 1449 1798 nee
1474 1749 1564 1814 posse

381 1841 407 1880 ¹⁰
424 1834 627 1900 menifestum
651 1837 708 1899 est.
732 1834 833 1916 edque
861 1834 909 1899 ite
938 1835 965 1900 si
996 1834 1051 1916 qni
1079 1852 1116 1899 er
1141 1835 1187 1898 eis
1212 1836 1372 1914 uenerint,
1402 1833 1565 1915 baptizare

425 1935 612 2019 aequissime
626 1936 803 2002 iudicatum
820 1938 877 2002 est.

679 2161 793 2221 reem·
808 2161 848 2221 eo
862 2161 1011 2238 Hippone
1027 2161 1191 2238 uennyce
1207 2162 1307 2223 onst:
1336 2147 1338 2150 ’

468 2275 546 2341 Cum
563 2275 721 2359 baptisma
735 2295 834 2341 unum
849 2277 940 2341 sitin
955 2276 1109 2342 catholice
1123 2277 1270 2352 eeclesia,
1294 2277 1499 2342 menifestum
1515 2279 1565 2341 est
1574 2276 1614 2340 st

424 2395 485 2442 uon
511 2396 602 2461 posse
623 2379 709 2442 extre
735 2378 899 2443 ecelesiam
925 2377 1090 2460 baptizari.
1113 2381 1146 2442 et
1167 2378 1236 2441 ideo
1257 2378 1289 2442 in
1311 2377 1433 2442 haeresi
1448 2377 1565 2442 intinc-

388 2484 475 2546 ¹⁵tos
500 2480 568 2547 siue
591 2480 625 2545 in
648 2480 818 2547 schismate
843 2480 883 2547 ed
908 2480 1072 2546 ecclesiam
1098 2481 1259 2547 uenientes
1280 2498 1389 2546 censeo
1410 2479 1565 2561 baptizari
1591 2467 1593 2470 ’

424 2585 573 2665 oportere.

687 2794 772 2855 Item
787 2793 869 2854 elius
882 2795 997 2855 Lucius
1012 2793 1053 2855 eb
1068 2794 1188 2855 Anteio
1202 2795 1299 2855 dixit:

467 2907 643 2974 Secundum
659 2910 781 2973 motum
796 2908 895 2973 enimi
910 2908 971 2974 mei
987 2910 1021 2973 et
1035 2907 1171 2991 Spiritus
1186 2909 1303 2987 suncti,
1326 2928 1399 2974 eum
1419 2908 1464 2973 sit
1485 2928 1566 2973 uirus
1577 2917 1617 2982 13

424 3010 509 3075 Dens
524 3012 613 3091 peter
638 3009 766 3073 Domini
792 3009 863 3073 Iesu
891 3009 1008 3074 Christi
1035 3010 1068 3073 et
1094 3029 1175 3074 unus
1199 3009 1343 3074 Christus
1358 3012 1391 3075 et
1407 3028 1468 3073 unu
1482 3028 1564 3090 spes,

478 3264 492 3313 1
505 3277 589 3331 gepse
599 3263 630 3324 T,
643 3261 754 3330 cepsede
764 3263 787 3316 S
837 3262 856 3318 3
869 3262 996 3331 consequi
1010 3267 1124 3330 possunt
1134 3263 1194 3325 Μ’,
1207 3267 1273 3316 suut
1284 3262 1413 3332 consequi
1423 3263 1457 3323 S,
1474 3276 1566 3315 eonse-

422 3347 596 3400 cutisuutA
673 3348 813 3416 dinertyr
823 3346 857 3401 de
869 3346 1051 3401 schismaticis
1059 3347 1174 3402 Vereins
1186 3348 1325 3402 &ustum
1394 3345 1517 3401 rusieede
1530 3346 1565 3413 L,

424 3430 561 3486 rusiccade
571 3432 601 3496 T,
613 3431 725 3487 succede
739 3432 762 3485 S
812 3434 830 3487 5
842 3435 870 3486 et
881 3433 969 3488 multo
978 3431 1058 3488 Tucci
1069 3436 1098 3488 et
1108 3449 1131 3487 e.
1143 3434 1161 3488 i.
1214 3435 1232 3488 6
1244 3433 1325 3503 quod]
1336 3434 1384 3503 qui
1393 3431 1514 3502 quodAo

423 3516 710 3585 deustinerequodS
760 3518 992 3574 sueresisffl'
1041 3518 1282 3588 neeposseoow
1335 3521 1371 3573 10
1388 3518 1451 3585 quis
1464 3516 1516 3571 ST

423 3601 512 3672 eislis
528 3604 554 3657 T
611 3602 745 3672 baptisari
762 3604 844 3658 T'Au
914 3605 946 3658 11
965 3603 1145 3673 oequissimee
1158 3605 1209 3659 ST
1260 3603 1411 3658 indicatum
1424 3602 1459 3665 S,
1477 3605 1567 3655 stetu·

423 3691 483 3742 tum
495 3687 621 3751 welo,
639 3691 745 3743 statum
764 3688 803 3743 L·
880 3691 914 3744 12
932 3689 1032 3760 ippone
1047 3691 1073 3744 T
1156 3689 1273 3743 dietrito
1286 3689 1355 3753 LA,
1382 3687 1518 3742 diherrito
1534 3688 1564 3751 Τ,

423 3772 670 3843 manhymrume,
689 3774 780 3830 eueS
841 3774 1113 3830 dixitoritodixitS
1173 3773 1393 3843 tremelus
1443 3773 1566 3828 haeresin

422 3860 528 3914 tinctus
540 3858 574 3921 S,
591 3857 698 3913 heeresi
709 3859 811 3915 fluctos
824 3860 923 3916 LTAo
995 3861 1030 3914 15
1047 3859 1077 3914 iu
1096 3860 1191 3915 ΜΤ
1257 3859 1398 3914 uenientes
1409 3858 1516 3922 (uentos
1530 3860 1567 3927 L)

422 3943 458 3998 ed
469 3944 609 3999 ecclesium
621 3944 721 4000 LTAo
782 3946 815 3999 17
834 3946 939 4016 eumin]
951 3945 1088 4001 susumS
1147 3946 1182 3999 18
1198 3962 1259 4000 eum
1271 3945 1310 3999 sit
1321 3946 1364 4010 A,
1381 3944 1430 4013 qui
1442 3944 1525 3998 iussit
1537 3947 1566 4007 S,

422 4028 466 4083 eui
485 4029 524 4083 sit
540 4029 606 4094 Lm
624 4030 710 4084 uerte
728 4031 850 4099 pronius
865 4038 1001 4100 wrwptu
1017 4030 1155 4086 uidentur
1245 4030 1279 4084 19
1296 4028 1402 4085 domiui
1413 4029 1502 4084 nostri
1514 4032 1567 4091 Ae,

422 4099 595 4169 sienim·
652 4096 836 4185 ffixp'sLY·
888 4120 1021 4186 speseto

1340 4204 1359 4243 re
