4009 5034
392 312 434 376 14
763 369 766 376 ,
799 310 946 369 cnecilii
962 310 1127 382 Cypriani

391 461 517 552 uitinel,
556 463 658 548 edque
671 501 717 513 -
737 483 757 532 o
781 464 977 532 detestebilis
1006 465 1139 533 metitus
1167 464 1322 533 mentium
1348 466 1382 532 et
1411 462 1534 550 cupidi·

391 565 467 631 tatis
492 566 620 633 menes
645 566 799 649 profunde
823 566 942 652 celigot
963 605 1006 616 -
1032 587 1104 634 cnm
1130 584 1293 634 exonerare
1319 585 1353 634 se
1377 567 1477 650 poscit
1502 566 1536 631 st

389 665 494 734 leuare
507 667 714 754 ponderibus,
735 668 842 755 pergit
870 669 974 756 magis
1003 669 1137 736 fortunis
1165 668 1352 755 ungentibus
1378 667 1534 745 incubare,

391 770 496 854 porgit
508 770 692 854 poenalibus
713 770 849 838 cumulis
870 771 1071 854 pertinaciter
1092 771 1265 837 adhaerere.
1288 771 1377 861 nulle
1390 771 1424 836 in
1438 769 1535 836 clien-

390 875 439 939 tes
467 870 540 939 inde
568 871 698 959 largitio
727 873 891 953 est,on1n
918 871 1131 963 indigentibus
1150 873 1240 940 nulle
1262 873 1393 958 pertitio
1422 873 1480 951 ost,
1503 871 1569 938 ecs

390 975 555 1059 poouninm
576 995 668 1043 suum
690 976 814 1053 dicunt,
837 994 933 1059 quem
946 976 1035 1042 uelut
1049 976 1184 1044 ulienem
1198 975 1285 1042 domi
1307 976 1449 1042 clansam
1471 973 1536 1039 sol·

390 1076 478 1142 licito
497 1076 604 1144 labore
623 1076 821 1159 custodiunt,
848 1095 885 1143 ox
915 1096 977 1161 que
1002 1095 1062 1144 non
1086 1075 1212 1156 amicis,
1230 1095 1296 1145 ,non
1317 1076 1426 1142 liberis
1445 1075 1534 1161 quio

391 1197 501 1262 quem,
534 1195 596 1245 non
625 1177 688 1244 sibi
717 1177 850 1263 denique
878 1178 1086 1263 impertimt,
1118 1179 1279 1263 possident
1306 1178 1347 1245 sd
1375 1178 1434 1246 boc
1462 1179 1534 1244 ten·

389 1282 470 1361 tom,
483 1298 524 1347 ns
538 1281 694 1363 possidere
714 1280 807 1348 elteri
826 1280 931 1360 lioeet,
946 1283 980 1347 et
998 1298 1080 1346 —o
1104 1281 1266 1348 nominum
1286 1282 1406 1365 quante
1428 1280 1534 1346 diuer-

391 1381 540 1448 sitesl-
557 1380 639 1448 bone
658 1381 833 1466 appellunt,
856 1399 893 1448 ex
908 1382 1023 1465 quibus
1037 1382 1144 1448 nullus
1157 1381 1224 1448 illis
1237 1381 1300 1448 nisi
1314 1382 1356 1448 ed
1369 1399 1419 1448 res
1433 1380 1571 1448 melem·

391 1502 466 1550 usus
480 1486 537 1551 est

344 1595 381 1658 13
433 1585 485 1652 An
498 1588 535 1652 tn
549 1587 602 1652 nel
616 1586 689 1652 illos
703 1588 796 1670 putes
811 1587 912 1665 tutos,
935 1587 1008 1652 illos
1022 1587 1131 1654 seltim
1153 1588 1236 1653 inter
1249 1588 1403 1651 bonorum
1418 1584 1534 1650 infulns

390 1689 424 1753 et
437 1704 509 1771 opos
522 1688 628 1773 largos
643 1688 752 1754 stabili
766 1687 917 1754 firmitate
932 1707 1070 1768 securos,
1093 1707 1170 1773 qnos
1190 1689 1306 1774 regulis
1321 1688 1413 1754 eules
1428 1687 1535 1772 splen·

391 1790 465 1855 dore
485 1788 642 1874 fulgentes
664 1807 824 1854 armorum
845 1789 1064 1855 excubantium
1088 1790 1189 1856 tutela
1203 1790 1413 1856 circumstat?
1434 1787 1536 1854 maior

390 1889 456 1956 illie
470 1909 565 1974 quem
579 1891 690 1958 ceteris
704 1891 808 1957 metus
823 1892 880 1956 set.
902 1892 970 1958 tem
985 1892 1041 1958 ille
1055 1892 1166 1959 timere
1187 1893 1311 1977 cogitur
1330 1902 1426 1975 quem
1440 1891 1534 1957 time·
1543 1912 1569 1953 rs

390 1994 452 2056 tur.
477 1992 576 2078 exigit
589 2011 704 2076 poenes
719 1991 838 2075 pariter
852 1991 892 2058 de
905 1994 1078 2076 potentiore
1100 1993 1297 2071 sublimitas,
1320 1993 1364 2057 sit
1384 1993 1460 2058 licet
1482 2011 1533 2057 ss·

391 2093 531 2161 tollitmn
552 2113 649 2159 manu
672 2094 799 2178 sceptus
822 2094 854 2158 et
875 2093 1017 2160 cleusnm
1032 2113 1068 2160 ec
1081 2096 1258 2178 protectum
1271 2094 1357 2159 letus
1370 2110 1533 2159 numeroso

392 2196 542 2278 stipatore
564 2195 700 2261 tueatur.
738 2214 834 2277 quem
855 2213 979 2261 securos
999 2215 1061 2262 non
1082 2196 1160 2261 sinit
1181 2214 1247 2261 esse
1269 2195 1442 2273 subiectos,
1466 2197 1533 2261 tem

391 2314 513 2363 necesse
527 2298 651 2362 estnon
666 2297 824 2363 citetills
840 2315 980 2362 murus:
1002 2300 1076 2362 ante
1097 2297 1181 2381 ipsos
1201 2298 1304 2363 terret
1325 2297 1464 2380 potestas
1478 2313 1534 2360 sun

392 2417 468 2482 quos
482 2398 560 2466 iecit
574 2417 641 2465 esse
655 2397 830 2465 terribiles:
853 2397 991 2477 adridet,
1014 2401 1051 2464 ut
1065 2399 1201 2477 sesniat,
1223 2399 1399 2476 blanditur,
1421 2399 1460 2464 ut
1473 2397 1570 2465 iul-ro

392 2502 453 2579 lat,
476 2501 619 2579 extollit,
641 2503 679 2567 nt
694 2500 860 2585 deprimet.
883 2500 1007 2566 foenore
1022 2500 1155 2583 quodem
1169 2500 1300 2567 nocendi
1322 2520 1417 2584 quem
1439 2500 1535 2566 fuerit

392 2602 526 2687 amplior
540 2621 665 2669 summa
679 2602 846 2688 dignitatis
861 2603 894 2668 ot
907 2602 1075 2681 honorum,
1090 2605 1157 2668 tem
1171 2603 1271 2669 maior
1285 2602 1424 2690 erigitur
1438 2619 1534 2670 usui-e

391 2722 570 2789 poenarum.

343 2808 381 2871 ll
434 2806 507 2872 Une
526 2806 628 2892 igitur
648 2806 772 2890 placide
794 2807 826 2871 et
846 2805 910 2871 fide
932 2807 1161 2889 tranquillitas,
1185 2826 1247 2873 uns
1267 2807 1368 2872 solida
1390 2808 1422 2871 ot
1442 2807 1534 2871 firme

391 2909 556 2986 securitas,
578 2908 676 2990 siqui
691 2908 731 2974 sb
746 2908 796 2974 his
815 2908 1019 2989 inquietantis
1038 2910 1155 2975 soeculi
1175 2910 1355 2975 turbinibus
1377 2910 1569 2974 extinctus»

391 3009 539 3076 minutis
551 3011 661 3094 portus
673 3009 807 3076 statione
820 3009 980 3075 fundetur:
995 3009 1037 3076 ad
1052 3010 1172 3076 ceolum
1186 3012 1292 3077 oculos
1307 3009 1393 3076 tollit
1407 3029 1426 3076 n
1441 3009 1534 3076 torris

392 3115 424 3178 ot
445 3111 486 3178 sd
507 3111 636 3178 Domini
657 3131 772 3178 munus
787 3111 943 3178 admissus
965 3130 1001 3178 ec
1015 3113 1080 3178 Deo
1095 3131 1151 3178 suo
1165 3116 1271 3180 monte
1285 3113 1350 3178 ium
1362 3113 1533 3196 proximus,

391 3213 543 3298 quidquid
558 3213 642 3296 opud
658 3215 775 3279 cetoros
789 3212 823 3280 in
837 3214 930 3279 rebus
943 3213 1089 3280 humenis
1111 3214 1247 3282 sublimo
1262 3233 1299 3281 ec
1314 3234 1467 3300 magnum
1482 3213 1532 3280 ui·

444 3400 460 3455 1
480 3397 707 3469 edquoledquod
719 3399 748 3454 P
820 3398 993 3454 detestabilis
1011 3399 1185 3455 aetertum
1197 3401 1256 3455 illis
1268 3401 1375 3455 Petet
1449 3401 1470 3458 4
1487 3398 1534 3454 ed-

390 3485 483 3540 bercre
504 3484 565 3540 SW
634 3484 956 3542 bestaltcoscmoneo
1025 3484 1215 3556 8inpertiunt
1239 3487 1274 3540 W
1341 3485 1406 3543 9no
1427 3486 1533 3541 Poe

391 3572 457 3626 Μ
512 3568 552 3627 10
568 3569 662 3624 nullus
674 3585 725 3625 orco
738 3570 768 3626 P
830 3585 883 3625 uon
895 3571 950 3625 nisi
962 3570 991 3625 P
1042 3571 1077 3627 12
1096 3574 1227 3641 quantum
1243 3571 1290 3626 uel
1308 3587 1343 3626 ω)
1362 3570 1417 3624 bun
1437 3572 1469 3624 tn
1489 3568 1534 3625 uel

389 3659 493 3713 Prot
544 3656 680 3712 seltomS
753 3658 791 3716 14
809 3656 941 3728 fulgentis
954 3657 987 3713 δ’
1047 3658 1254 3728 toteln1teluP
1304 3658 1483 3713 circumstent
1494 3658 1535 3712 P²

391 3741 556 3803 15111iow
604 3743 704 3813 metus]
716 3744 806 3797 motus
823 3744 858 3797 W
908 3742 945 3800 17
963 3744 1101 3798 menusP
1148 3742 1186 3800 18
1203 3759 1313 3798 securus
1326 3742 1360 3799 δ’
1417 3742 1533 3797 sinitcn

136 3894 141 3909 ‚
390 3827 541 3884 sittim
605 3828 641 3887 19
660 3830 751 3884 stone
769 3830 804 3881 W
864 3828 912 3883 illo
925 3828 959 3893 S,
977 3828 1036 3900 ipso
1056 3830 1130 3886 WPo
1193 3830 1235 3888 20
1250 3828 1392 3885 blanditur
1408 3830 1441 3884 ut
1452 3828 1535 3884 fellet

243 3960 245 3965 ,
389 3930 439 3969 σπι.
451 3915 485 3967 W
530 3919 594 3982 poet
606 3913 689 3968 fellet
702 3915 801 3969 teremit
813 3931 849 3969 o:
867 3914 952 3970 illicit
963 3917 995 3969 nt
1004 3914 1125 3981 oocidct;
1151 3916 1250 3983 esurie
1269 3917 1368 3971 babitu
1390 3916 1534 3987 uirginum

388 4015 447 4069 cap.
460 4002 496 4054 21
565 3999 603 4055 21
620 3998 729 4055 ieenors
750 4016 786 4054 cx
805 3999 923 4055 iecinoro
952 4001 1064 4056 Post
1138 4001 1249 4056 nocendi
1274 4003 1309 4055 W
1325 4002 1355 4057 di
1374 4002 1408 4056 in
1424 4018 1480 4057 rce.

389 4085 430 4142 24
447 4084 841 4155 παπίαρὶιοίἁαινω.ίπΡ
915 4086 969 4142 ilde
990 4087 1276 4144 ...solideotooeP
1340 4088 1533 4159 flrmsctpcr·

388 4172 498 4239 poturo
543 4169 583 4230 25
601 4169 663 4240 quis
680 4170 756 4226 WPo
803 4170 1028 4241 inquietantesS
1070 4172 1109 4230 26
1127 4172 1254 4228 fundetur
1269 4173 1341 4238 SW,
1356 4173 1487 4230 tundetur
1496 4174 1531 4239 P,

387 4254 562 4311 tundetusor
613 4255 776 4312 oculoesnos
789 4257 818 4312 P
868 4257 979 4314 tollnto
1031 4256 1070 4316 28
1088 4258 1216 4329 quicquid
1233 4261 1267 4311 ll’
