4009 5034
394 335 459 402 238
803 334 948 393 Caecilii
965 331 1129 404 Cypriani

397 492 462 570 est,
484 491 519 556 in
540 509 635 575 quern
657 508 690 556 se
712 491 812 558 semel
827 489 994 558 credidisse
1009 487 1149 554 mulceas
1162 487 1226 553 ost:
1249 483 1401 551 inlustres
1425 500 1537 549 manus

397 613 475 676 quae
496 612 557 660 non
578 594 640 659 nisi
662 593 780 659 diuinis
802 593 945 676 operibus
967 590 1173 657 adsueuerant
1195 586 1357 655 sacrificiis
1371 583 1533 670 sacrilegis

396 696 593 763 restiterunt:
614 694 809 763 sauctidmta
823 713 877 763 ora
890 693 1078 762 caelestibus
1092 691 1171 758 cibis
1185 691 1257 774 post
1271 707 1382 772 corpus
1408 689 1441 755 et
1465 705 1537 753 san·

396 800 525 883 guinem
545 798 673 865 Domini
694 798 823 882 prolana
844 798 987 881 conum
1009 798 1042 862 et
1064 793 1220 860 idolorum
1240 791 1390 875 reliquias
1411 808 1537 874 respue·

396 901 488 966 mut:
511 899 550 965 ab
572 898 658 982 inpio
680 899 890 984 sceleratoque
910 898 1067 965 uelamina
1081 916 1143 980 quo
1157 896 1225 961 illic
1240 894 1428 963 uelabantur
1441 892 1537 959 sacri·
1559 916 1572 957 a

397 1001 560 1068 ficantium
582 1002 686 1085 capita
707 1003 834 1085 captiua
854 1004 949 1086 caput
970 1001 1111 1067 ussum
1134 999 1270 1065 liberum
1291 998 1423 1064 mansit:
1452 995 1537 1062 frons

397 1123 470 1170 cum
485 1101 574 1188 signo
589 1103 649 1169 Dei
662 1123 742 1187 pura
756 1104 873 1169 diaboli
888 1121 1033 1171 coronam
1048 1101 1128 1169 serre
1142 1119 1204 1167 nou
1217 1100 1338 1184 potuit,
1360 1116 1488 1165 coronae
1503 1114 1536 1163 se

395 1205 524 1271 Domini
539 1205 722 1272 raseruauit.
745 1225 840 1290 quam
853 1223 909 1272 uos
924 1206 1006 1272 laeto
1021 1205 1092 1270 sinu
1107 1204 1224 1286 excipit
1237 1203 1338 1269 mater
1352 1200 1483 1268 ecclesia
1497 1198 1536 1266 do

396 1307 514 1388 proelio
540 1309 746 1375 reuertentes!
780 1328 876 1392 quam
901 1310 1009 1388 beata,
1043 1327 1138 1390 quarn
1164 1307 1304 1390 gaudens
1334 1307 1439 1388 portas
1466 1321 1538 1370 suas

397 1408 518 1489 aperit,
540 1410 578 1473 ut
592 1408 738 1475 adunatis
753 1410 933 1496 agminibus
946 1409 1072 1475 intretis
1086 1409 1124 1474 dc
1139 1409 1228 1474 basto
1242 1407 1398 1491 prostrato
1412 1409 1574 1488 tropaeam

397 1509 581 1576 relerentesl
604 1529 676 1576 oum
699 1511 966 1593 triumphantibus
988 1512 1068 1576 uiris
1089 1512 1122 1575 et
1144 1510 1278 1575 feminae
1303 1509 1434 1575 ueniunt
1459 1526 1539 1589 quae

398 1627 470 1674 cum
484 1612 608 1676 saeculo
622 1630 732 1677 sexum
747 1630 867 1695 quoque
888 1612 1040 1678 uicerunt.
1064 1611 1194 1677 ueniunt
1216 1612 1249 1676 at
1270 1609 1430 1694 geminata
1452 1607 1540 1672 mili·

398 1711 461 1776 tiae
487 1729 560 1778 suae
586 1713 688 1796 gloria
714 1714 853 1799 uirgines
875 1716 907 1780 et
926 1715 1016 1798 pueri
1030 1732 1126 1779 annos
1141 1731 1214 1779 suos
1229 1712 1404 1778 uirtutibus
1418 1714 1539 1777 transs-

397 1814 498 1879 nutas.
521 1832 578 1881 neo
602 1832 664 1880 non
686 1818 719 1881 et
743 1817 847 1882 cetera
871 1816 1024 1883 amatum
1044 1814 1216 1881 multitudo
1241 1814 1380 1880 uestram
1406 1811 1539 1896 gloriam

398 1914 555 1997 sequitur,
577 1916 728 2000 proximis
743 1920 776 1983 et
789 1936 885 2000 paone
899 1917 1072 1985 coniunctis
1087 1917 1191 1984 laudis
1211 1917 1389 2001 insignibus
1403 1914 1573 2001 nmtigma

398 2017 506 2081 uestra
521 2017 699 2083 comitatur.
723 2020 832 2084 cadam
847 2022 879 2086 et
894 2019 927 2085 in
942 2021 1008 2085 illis
1024 2021 1187 2085 sinceritas
1202 2019 1319 2096 cordis,
1342 2018 1451 2084 eadam
1465 2016 1539 2084 fidei

398 2116 516 2183 tenacis
530 2118 705 2202 integritas.
729 2120 918 2187 inconcussis
932 2124 1169 2204 praeceptorum
1185 2122 1367 2186 caelestium
1382 2118 1539 2184 radicibus

399 2215 488 2282 nixos
509 2220 542 2283 et
562 2220 752 2304 euangelicis
774 2220 997 2288 traditionibus
1020 2222 1181 2288 roboratos
1203 2241 1264 2287 non
1279 2222 1470 2304 praescripta
1485 2240 1540 2287 ox·

400 2318 488 2399 silis,
510 2337 572 2385 non
585 2319 743 2386 destinata
756 2322 928 2401 tormenta,
949 2342 1011 2388 non
1026 2323 1072 2389 roi
1086 2322 1255 2389 familiaris
1269 2324 1302 2388 et
1316 2324 1451 2404 eorporis
1466 2342 1541 2405 sup·

400 2420 496 2502 plicia
509 2422 695 2489 terruerunt.
720 2424 922 2507 explorandae
937 2425 1010 2491 fidei
1025 2427 1286 2510 praefiniebantur
1306 2425 1388 2491 dics:
1411 2425 1466 2490 sed
1486 2423 1575 2508 quiec

400 2522 523 2588 saeculo
538 2525 730 2591 renuntiasse
745 2545 778 2592 se
798 2526 944 2593 meminit
957 2529 1081 2593 nullum
1107 2528 1222 2594 saeculi
1249 2527 1334 2592 diem
1359 2527 1458 2605 nouit,
1484 2545 1540 2593 noc

400 2626 541 2707 tempora
555 2627 678 2693 terrena
691 2628 757 2694 iam
772 2631 921 2714 conputat
935 2631 989 2714 qui
1004 2631 1222 2698 aeternitatem
1237 2630 1276 2696 de
1290 2632 1356 2697 Deo
1371 2631 1485 2714 sperat.

371 2724 391 2788 8
444 2727 560 2807 Nemo,
576 2726 700 2809 fratres,
715 2748 806 2796 nemo
820 2731 900 2797 hanc
912 2732 1047 2816 gloriam
1063 2734 1208 2811 mutilat,
1223 2751 1315 2798 nemo
1330 2731 1540 2814 incorruptam

400 2827 553 2892 standum
576 2828 760 2897 firmitatem
781 2833 922 2918 maligna
944 2834 1172 2902 obtrectatione
1195 2834 1350 2900 debilitet.
1379 2852 1451 2899 mum
1473 2832 1540 2899 dios

399 2928 587 3013 negantibus
598 2933 806 3014 praestitutus
817 2937 956 3014 creauit,
972 2938 1103 3020 quisque
1113 2937 1269 3019 professus
1283 2937 1366 3002 intra
1380 2936 1464 3000 diem
1477 2949 1574 3000 nona

399 3029 448 3095 est
458 3028 672 3099 Christianum
687 3052 719 3100 aa
733 3052 801 3101 esse
815 3036 972 3104 confessus
991 3042 1048 3105 est.
1064 3040 1185 3124 primus
1200 3040 1248 3103 est
1259 3037 1409 3104 uictoriae
1424 3036 1539 3103 titulus

382 3191 388 3211 ,
398 3132 566 3215 gentilium
580 3135 726 3202 manibus
741 3138 967 3222 adprehensum
975 3141 1149 3207 Dominum
1159 3140 1317 3207 confiteri:
1332 3139 1485 3206 socundus
1499 3138 1539 3203 ad

452 3317 469 3371 1
487 3317 517 3372 in
529 3333 610 3388 quom
626 3336 655 3376 so
671 3337 707 3376 ccc
723 3322 753 3376 in
771 3338 826 3393 qua
837 3323 862 3381 S
870 3328 937 3380 m.2
1006 3326 1024 3381 5
1041 3326 1234 3395 sceleratisque
1247 3325 1276 3381 R
1344 3327 1363 3380 8
1379 3324 1466 3378 laetos
1479 3322 1537 3387 SR,

399 3402 500 3459 lacteo
563 3403 594 3459 in
605 3403 694 3460 sinum
707 3423 785 3463 runnu
798 3409 826 3465 R
894 3412 998 3481 excepit
1011 3410 1044 3466 δ’
1120 3411 1154 3465 10
1171 3411 1259 3480 aperit
1270 3412 1338 3466 Wa.
1351 3410 1369 3464 l.
1381 3427 1415 3466 ca
1426 3412 1459 3474 2,
1477 3425 1539 3479 ape·

399 3489 456 3542 riut
469 3489 497 3544 R
551 3492 671 3560 agminia
683 3491 712 3549 R
762 3496 857 3565 tropea
869 3494 932 3552 SW
988 3497 1022 3550 11
1040 3495 1222 3551 triumiautib.
1236 3494 1301 3551 SW
1350 3493 1541 3565 quaecuqu

400 3576 458 3642 (sed
469 3592 495 3646 q.
508 3591 570 3647 exp.
583 3593 618 3632 cs
631 3580 663 3648 2)
733 3579 768 3633 12
784 3581 889 3636 sacculo
902 3580 1092 3637 dimicantaro
1161 3581 1316 3652 geminatae
1328 3578 1357 3636 B
1426 3581 1460 3634 13
1477 3595 1538 3633 eum

399 3660 489 3730 gloria
500 3661 528 3717 R
592 3664 774 3719 continentias
786 3665 937 3722 uirtutibus
952 3668 986 3722 W
1044 3668 1078 3722 14
1095 3667 1328 3723 circumstantium
1340 3665 1378 3735 8;
1396 3666 1432 3733 cf.
1442 3681 1473 3734 p.
1483 3668 1538 3720 239

398 3746 417 3799 l.
432 3749 468 3801 10
537 3747 571 3803 lb
588 3749 722 3817 proxumis
736 3751 785 3806 W¹
860 3751 949 3807 laudis
962 3754 1014 3818 W,
1032 3752 1081 3807 aed
1099 3754 1132 3808 in
1148 3768 1236 3823 morp.
1255 3767 1342 3808 cm:
1360 3750 1486 3807 laudibus

400 3831 435 3885 16
447 3830 729 3891 oadammatimillisb'
732 3840 739 3870 ¹
790 3835 882 3892 aadoru
894 3853 929 3893 ec
940 3838 1084 3894 earundem
1094 3838 1123 3895 S.
1132 3842 1192 3894 aa2
1247 3838 1281 3893 18
1293 3836 1480 3893 roboratusR¹

400 3916 435 3970 19
451 3917 584 3972 testinata
596 3919 637 3975 W
723 3920 876 3991 familiaris]
888 3921 986 3978 damna
997 3923 1064 3979 odd.
1076 3925 1226 3993 ccoliqact
1244 3923 1322 3978 codd.
1333 3923 1477 3986 Eboamw,
1489 3923 1537 3976 ab·

399 4000 468 4055 latio
480 4000 643 4074 Krobioapor
712 4006 750 4075 etl
763 4022 844 4063 nouo
917 4008 953 4064 20
971 4008 1178 4079 inexploraudac
1191 4009 1219 4065 R
1291 4009 1325 4063 21
1344 4025 1373 4063 se
1384 4025 1434 4064 osa
1448 4010 1487 4064 W

399 4086 434 4140 22
446 4086 494 4157 qui
507 4103 542 4143 aa
552 4087 619 4159 qnia
631 4088 656 4146 S
663 4107 698 4146 m.
710 4094 730 4146 2
774 4092 810 4146 23
820 4092 919 4149 lratm
930 4093 1105 4150 dilectissimi
1116 4112 1133 4151 o
1179 4095 1214 4150 24
1227 4095 1310 4150 iatam
1321 4093 1487 4150 stantiumS

399 4171 435 4226 25
451 4173 575 4244 quisquis
587 4174 632 4231 Rc
684 4176 718 4230 al
737 4176 816 4232 deum
829 4180 868 4234 W
918 4179 1054 4235 confiteris
1068 4180 1096 4236 R
