4009 5034
728 358 774 413 De
792 355 875 413 bono
893 356 1091 429 patientiae
1109 374 1131 414 a
1151 359 1274 452 15-17.⁸
1503 361 1568 428 409

430 514 469 581 de
482 513 653 595 discordia,
684 512 723 581 de
737 513 917 595 simultate,
940 534 1021 598 quae
1036 515 1070 581 in
1086 514 1255 584 christiano
1271 533 1337 581 esse
1352 531 1415 582 non
1430 515 1569 584 debent?

427 618 471 685 sit
481 618 634 703 patientia
648 617 681 684 in
696 618 795 696 corde,
812 621 844 685 et
858 619 934 685 baec
948 618 1018 686 illic
1031 619 1137 685 locum
1151 618 1265 686 habere
1279 638 1341 685 non
1356 621 1497 703 possunt,
1512 623 1569 686 eut

427 720 456 785 si
482 720 569 787 adire
593 720 836 805 temptauerint,
859 723 923 787 cito
949 721 1077 788 exclusa
1102 722 1284 801 discedunt,
1308 723 1345 787 ut
1371 722 1568 788 domicilium

427 822 592 907 pacificum
607 825 785 906 perseueret
797 823 831 888 in
847 825 954 903 corde,
976 823 1033 889 ubi
1048 825 1150 890 Deum
1164 825 1250 906 pacis
1264 824 1400 890 delectet
1414 824 1568 891 habitare.

390 948 403 988 e
427 926 573 992 admonet
599 926 731 1009 denique
755 926 915 1010 apostolus
942 928 975 992 et
1005 927 1097 992 docet
1116 926 1237 992 dicens:
1270 926 1400 992 nolite
1423 927 1570 992 contri·

426 1030 538 1095 stare
565 1026 761 1112 Spiritum
793 1029 972 1095 sanctum
1006 1028 1078 1094 Dei
1107 1028 1147 1094 in
1178 1048 1251 1111 quo
1285 1029 1438 1113 signati
1468 1029 1569 1096 estis

428 1130 467 1197 in
501 1130 604 1196 diem
636 1131 934 1215 redemptionis.
971 1130 1097 1196 omnis
1131 1132 1358 1197 amaritudo
1388 1134 1426 1197 et
1453 1132 1511 1197 ira
1532 1135 1571 1198 et

425 1233 656 1326 indignatio
693 1236 731 1299 et
764 1233 911 1299 clamor
944 1236 984 1299 et
1016 1233 1268 1316 blasphemia
1300 1236 1515 1300 auferatur
1552 1255 1569 1300 e

429 1335 552 1403 uobis.
579 1338 607 1403 si
630 1338 713 1403 enim
737 1335 925 1402 christianus
941 1357 961 1403 a
975 1338 1081 1402 furore
1095 1339 1128 1402 et
1141 1337 1339 1404 contentione
1354 1337 1471 1403 carnali
1486 1340 1570 1403 tam·

393 1458 522 1522 requam
537 1440 577 1504 de
591 1439 688 1505 maris
702 1439 884 1504 turbinibus
899 1440 1031 1504 excessit
1047 1440 1282 1522 ettranquillus
1294 1440 1422 1505 aclenis
1433 1441 1570 1522 inportu

429 1540 547 1607 Christi
561 1527 628 1607 esse
653 1541 719 1607 iam
742 1542 858 1624 coepit,
881 1560 939 1606 nec
965 1541 1046 1606 iram
1073 1559 1129 1606 nec
1154 1541 1345 1607 discordiam
1369 1541 1462 1606 debet
1488 1542 1569 1605 intra

428 1647 538 1728 pectus
552 1644 719 1709 admittere
746 1644 795 1709 cui
821 1663 877 1709 nec
904 1644 1026 1709 malum
1049 1660 1105 1725 pro
1131 1643 1215 1708 malo
1242 1642 1371 1709 reddere
1397 1643 1492 1710 liceat
1515 1662 1572 1709 nec

430 1745 540 1810 odisse.

472 1847 538 1912 Nec
553 1864 615 1912 non
640 1848 680 1913 ad
704 1847 791 1913 naria
810 1863 932 1930 queque
956 1847 1059 1912 carnis
1084 1846 1282 1912 incommoda
1306 1848 1338 1911 et
1362 1847 1485 1912 crebros
1508 1857 1623 1920 cor-17

396 1950 515 2031 reperis
529 1949 683 2031 durosque
698 1950 854 2015 cruciatus
880 1949 994 2030 quibus
1019 1948 1193 2013 humanum
1216 1966 1314 2032 genus
1341 1947 1472 2013 cottidie
1497 1947 1573 2013 fati-

432 2052 526 2136 gatur
541 2052 573 2116 et
587 2052 729 2134 quatitur
743 2051 896 2133 patientia
910 2050 1083 2115 necessarie
1099 2051 1156 2114 cst.
1181 2069 1255 2114 nam
1270 2069 1344 2114 cum
1356 2051 1390 2115 in
1401 2050 1460 2115 illa
1469 2050 1571 2133 prima

431 2155 675 2239 transgressione
689 2154 845 2238 praecepti
861 2151 994 2217 firmitas
1010 2152 1147 2234 corporis
1162 2169 1234 2217 cum
1250 2151 1493 2218 immortalitate
1507 2150 1573 2217 dis·

432 2257 559 2322 cesserit
573 2259 606 2321 et
620 2275 692 2321 cum
708 2257 808 2321 morte
822 2255 990 2321 infirmitas
1006 2256 1130 2322 uenerit
1143 2274 1200 2322 nec
1214 2257 1314 2340 possit
1329 2256 1464 2320 firmitas
1477 2256 1574 2339 recipi

433 2358 495 2424 nisi
508 2377 581 2425 cum
595 2360 721 2442 recepta
734 2359 767 2422 et
782 2358 1003 2424 immortalitas
1027 2359 1143 2438 luerit,
1165 2360 1289 2443 oportet
1315 2359 1348 2423 in
1370 2358 1429 2423 hec
1450 2357 1574 2442 fragili·

399 2462 502 2526 rotate
517 2460 617 2542 adque
632 2459 817 2526 infirmitate
836 2477 981 2542 corporea
995 2460 1111 2525 luctari
1127 2479 1250 2542 semper
1265 2462 1297 2525 et
1312 2461 1474 2543 congredi,
1496 2478 1574 2542 quae

435 2562 568 2628 luctatio
583 2563 616 2627 et
631 2563 805 2648 congressio
820 2581 882 2628 non
897 2562 958 2628 nisi
974 2562 1145 2645 patientiae
1160 2563 1265 2645 potest
1280 2562 1402 2627 uiribus
1416 2561 1573 2628 sustineri.

434 2664 647 2731 examinandis
661 2666 766 2729 autem
782 2663 871 2729 nobis
893 2665 994 2746 adque
1017 2664 1213 2747 explorandis
1235 2665 1352 2729 diuersi
1376 2665 1574 2747 inportantur

434 2766 555 2832 dolores
580 2768 612 2831 et
635 2765 801 2848 multiplex
826 2766 1070 2851 temptationum
1096 2767 1234 2849 qualitas
1255 2766 1420 2851 inrogatur
1444 2766 1483 2831 de
1510 2766 1575 2832 iac·

433 2868 515 2934 turis
543 2868 746 2947 facultatum,
780 2868 819 2933 de
846 2868 1010 2934 ardoribus
1036 2869 1190 2948 febrium,
1224 2870 1263 2934 de
1289 2869 1480 2934 cruciatibus
1502 2868 1575 2934 uul-

292 3022 295 3026 .
399 2987 555 3048 renerum,
584 2970 624 3036 de
652 2970 819 3036 amissione
845 2989 996 3036 carorum.
1032 2989 1088 3036 nec
1109 2970 1198 3036 aliud
1224 2971 1326 3054 magis
1349 2970 1480 3035 iniustos
1509 2970 1576 3035 dis·

434 3072 533 3137 cernit
554 3075 588 3138 et
608 3074 707 3139 iustos
722 3093 816 3155 quam
831 3074 913 3155 quod
935 3073 969 3138 in
991 3074 1131 3140 aduersis
1160 3093 1215 3156 per
1237 3073 1456 3155 inpatientiam
1471 3073 1576 3154 queri·

433 3176 487 3240 tur
500 3174 534 3238 et
547 3175 744 3258 blasphemat
757 3174 905 3253 iniustus,
919 3175 1073 3258 patientia
1086 3177 1188 3241 iustus
1201 3175 1367 3257 probatur,
1383 3176 1465 3241 sicut
1478 3176 1577 3257 scrip·

434 3277 506 3342 tum
521 3278 587 3342 est:
621 3276 659 3341 in
681 3277 816 3344 dolore
838 3279 992 3343 sustine
1022 3280 1061 3343 et
1091 3279 1129 3343 in
1163 3278 1401 3344 humilitate
1423 3277 1494 3341 tua
1514 3297 1577 3360 pa·

539 3463 557 3517 5
573 3462 642 3533 Eplt
655 3464 780 3535 4,30sq.
831 3465 866 3519 27
884 3464 1056 3533 Sir.2‚4sq.

488 3616 506 3670 2
523 3615 601 3671 eorde
613 3615 646 3682 8,
663 3619 771 3687 pectore
784 3617 869 3675 WGo
933 3620 962 3672 et
973 3634 1024 3673 ons
1038 3617 1062 3672 S
1124 3617 1142 3671 4
1160 3600 1227 3672 (ἱοῗᾶ
1235 3616 1260 3672 S
1327 3617 1345 3672 5
1362 3616 1501 3687 apostolus
1512 3632 1578 3685 pau·

436 3698 480 3756 lus
493 3699 520 3756 V
568 3700 655 3772 docet]
667 3702 795 3757 monetS
845 3702 1003 3758 contristari
1016 3701 1092 3759 SW'
1154 3703 1170 3756 ἵ
1189 3702 1234 3758 die
1250 3701 1319 3759 WG
1379 3704 1407 3756 et
1418 3703 1497 3771 (onte
1508 3700 1578 3770 ind.)

437 3785 527 3843 οπως
604 3787 622 3842 8
639 3787 797 3843 auferantur
813 3788 850 3854 θ,
869 3790 1027 3844 auferentur
1040 3790 1094 3857 W,·
1118 3789 1155 3857 cs.
1168 3794 1228 3844 test
1243 3789 1327 3844 1115
1408 3787 1425 3842 9
1443 3790 1579 3856 contemp·

437 3871 547 3927 tioneS
615 3873 649 3927 12
666 3890 714 3944 pro
725 3889 775 3929 om.
793 3874 819 3928 θ
889 3876 921 3928 17
940 3873 1207 3930 inmortalitatemS
1275 3875 1309 3929 18
1325 3871 1580 3943 flnnitas11ndrmi·

438 3959 482 4012 tas
494 3956 519 4013 S
567 3958 604 4012 20
615 3960 749 4030 corporea]
762 3959 880 4029 corporis
891 3961 1013 4031 August.
1025 3959 1043 4013 l.
1054 3976 1076 4015 c.
1091 3960 1144 4025 IV,
1156 3963 1184 4024 8,
1194 3962 1236 4015 22
1288 3959 1392 4015 luctare
1404 3957 1438 4013 δ’
1490 3958 1525 4012 21
1536 3958 1579 4012 ui·

439 4042 515 4097 rubus
527 4046 646 4113 potesto
698 4043 870 4100 msteneriS
919 4045 955 4099 22
973 4043 1156 4116 explorandis]
1168 4045 1316 4115 probandis
1329 4045 1358 4100 V
1416 4044 1452 4100 25
1469 4044 1581 4098 ammis-

439 4127 513 4183 sione
531 4127 605 4183 Wet
616 4128 691 4184 uliae
742 4129 832 4198 magis
844 4130 916 4184 intcr
927 4146 946 4185 o
997 4129 1085 4184 iustos
1097 4128 1163 4184 disc.
1176 4133 1205 4184 et
1217 4130 1334 4184 iniustos
1348 4129 1389 4185 W
1446 4127 1482 4182 26
1499 4143 1581 4198 quac-

439 4211 511 4268 ritur
523 4211 575 4270 BG
627 4214 662 4268 27
680 4213 827 4269 blasfemat
838 4214 956 4270 iniustos
969 4214 1018 4270 SG
1071 4214 1159 4271 iustos
1171 4213 1202 4270 δ’
