4009 5034
831 347 1006 416 Dolopeia
1025 362 1047 400 c.
1067 346 1180 401 12-15.
1508 349 1572 413 247

432 506 616 584 uulnerum,
639 523 695 571 nee
717 506 784 571 sola
804 502 1001 569 lamentabili
1025 520 1099 568 uoce
1122 501 1177 568 sad
1191 501 1378 568 laceratione
1393 502 1528 585 corporis
1543 506 1576 568 et

434 610 553 675 dolore:
569 608 720 674 manabat
732 624 788 689 pro
802 606 927 672 fletibus
942 606 1072 690 sanguis
1087 607 1121 672 et
1134 624 1191 688 pro
1207 606 1346 673 lacrimis
1357 624 1447 673 cruor
1458 607 1576 672 semiu-

434 712 563 777 stulatis
578 710 750 776 uisceribus
766 708 930 774 defluebat.

476 814 569 878 Nunc
583 830 656 878 uero
672 830 749 894 quae
764 812 895 877 uulnera
915 811 1076 876 ostendere
1097 811 1176 875 uicti
1198 813 1345 893 possunt,
1368 831 1445 893 quas
1465 814 1576 894 plagas
1592 814 1630 877 14

400 935 412 970 τι
434 915 592 982 hiantium
614 915 786 991 nucarum,
810 931 889 995 quae
911 916 1069 977 tormenta
1090 912 1318 990 membranam,
1341 914 1397 978 ubi
1419 932 1478 979 nou
1502 912 1578 978 fides

436 1035 599 1101 cangrense
614 1016 737 1094 cecidit,
758 1016 813 1081 sed
828 1016 1078 1099 congressionem
1098 1014 1231 1096 perfidia
1244 1015 1427 1097 praeuenit?
1449 1034 1505 1081 nec
1525 1035 1578 1080 ex·

436 1122 526 1186 cusat
540 1137 723 1201 oppressum
736 1118 905 1183 necessitas
920 1116 1078 1194 criminis,
1103 1117 1158 1180 ubi
1182 1117 1299 1182 crimen
1322 1119 1371 1183 est
1393 1118 1577 1183 uoluntatis.

435 1241 491 1286 nec
511 1223 570 1285 boc
584 1238 619 1286 eo
634 1221 720 1296 dico,
743 1222 781 1284 ut
794 1219 927 1283 fratrum
943 1237 1052 1283 causes
1067 1235 1203 1296 onerem,
1227 1220 1282 1283 sed
1297 1220 1335 1283 ut
1350 1220 1452 1303 magis
1467 1219 1580 1284 fratres

435 1323 475 1388 ad
501 1340 624 1405 precem
649 1320 872 1387 satisfactionis
894 1319 1054 1404 instigem.
1077 1340 1151 1385 nam
1174 1339 1246 1385 cum
1261 1321 1415 1404 scriptum
1431 1322 1489 1387 sit:
1513 1322 1580 1404 qui

400 1444 505 1497 nouos
527 1425 672 1490 felices
695 1425 834 1489 dicunt
858 1424 898 1487 in
925 1442 1099 1488 errorem
1123 1441 1191 1487 uos
1213 1425 1387 1489 mittunt
1408 1428 1447 1489 et
1468 1426 1580 1489 semi-

436 1529 519 1592 tam·
538 1528 681 1608 pedum
705 1528 927 1591 uestrorum
957 1525 1136 1602 turbant,
1172 1527 1227 1607 qui
1251 1528 1431 1606 peccantem
1455 1527 1581 1591 blandi-

435 1630 552 1694 mentis
577 1629 779 1694 adulantibus
800 1628 909 1712 palpat
933 1627 1082 1709 peccandi
1108 1628 1252 1691 fomitem
1280 1627 1500 1692 subministrat
1525 1646 1581 1692 nec

436 1731 605 1814 conprimit
620 1731 735 1796 delicta
749 1731 804 1795 ille
819 1730 873 1796 sed
893 1730 1003 1794 nutrit.
1028 1731 1062 1793 at
1084 1729 1137 1809 qui
1162 1729 1303 1793 consiliis
1327 1729 1509 1793 fortioribus
1532 1748 1582 1793 re·

437 1834 565 1916 derguit
579 1833 675 1898 simul
690 1833 790 1913 adque
805 1832 935 1897 instruit
949 1831 1082 1895 fratrem
1096 1831 1261 1912 premonet
1271 1830 1311 1894 ad
1325 1831 1470 1896 salutem.
1487 1848 1581 1912 quos

401 1935 584 2019 rediligo‚
608 1934 712 2015 inquit
727 1935 894 2010 Dominus,
919 1933 1112 2015 redarguo
1136 1934 1177 1995 et
1199 1932 1366 2016 castigo.
1399 1933 1580 2014 sicoportet

437 2039 470 2101 et
490 2036 620 2101 Domini
646 2036 836 2100 sacerdotem
859 2054 920 2100 non
947 2034 1107 2116 obsequiis
1134 2033 1366 2115 decipientibus
1392 2033 1501 2099 fallere
1527 2034 1582 2098 sed

436 2138 584 2204 remediis
598 2138 790 2203 salutaribus
803 2137 975 2220 prouidere.
1001 2137 1155 2217 inperitus
1170 2138 1218 2200 est
1233 2136 1373 2201 medicus
1388 2136 1442 2218 qui
1457 2137 1583 2200 tumen-

436 2242 486 2306 tes
500 2240 667 2306 uulnerum
683 2240 770 2304 sinus
784 2258 879 2304 manu
898 2242 1043 2322 parcente
1066 2240 1238 2303 contrectat
1260 2240 1293 2304 et
1314 2239 1389 2303 altis
1411 2237 1583 2303 recessibus

437 2344 596 2410 uiscerum
626 2344 714 2407 uiua
745 2343 901 2408 inclusum
932 2343 1009 2407 dum
1036 2344 1143 2407 seruat
1170 2342 1348 2426 exaggerat.
1382 2340 1583 2423 aperiendum

404 2445 554 2510 aeuulnru
576 2448 624 2510 est
645 2446 678 2510 et
698 2444 866 2509 semndum
880 2446 913 2509 et
927 2436 1161 2525 putraminibus
1175 2445 1349 2527 amputatis
1363 2443 1498 2508 medella
1518 2442 1583 2506 for-

438 2547 519 2612 tiore
541 2546 723 2613 curandam.
747 2544 935 2611 uoeifmetur
949 2549 982 2612 et
997 2547 1114 2612 obruet
1127 2545 1204 2612 licet
1218 2549 1251 2611 et
1266 2547 1471 2628 conqueratur
1491 2563 1585 2629 aeger·

438 2648 595 2731 inpatiens
620 2667 676 2730 per
701 2648 854 2726 dolerem,
884 2648 1001 2732 gratias
1027 2649 1102 2731 aget
1127 2648 1328 2729 postmodum
1354 2667 1426 2712 cum
1452 2647 1583 2713 senserit

439 2750 619 2814 cuiatem.

482 2852 620 2916 Emensit
646 2852 745 2928 euim,
773 2851 886 2917 fratres
914 2851 1129 2928 dilectissimi,
1159 2867 1277 2916 nouum
1303 2870 1402 2935 genus
1428 2851 1526 2917 cladis
1552 2853 1584 2915 et
1599 2858 1638 2920 15

403 2967 430 3009 ²⁵
440 2953 528 3034 quasi
543 2973 655 3037 parum
671 2955 895 3038 persecutionis
909 2954 1046 3036 procella
1056 2953 1215 3032 saeuiant,
1230 2953 1411 3019 accessitad
1422 2954 1584 3019 cumulum

439 3055 499 3119 sub
513 3056 745 3122 misericordiae
759 3057 854 3122 titulo
866 3058 985 3121 malum
997 3056 1110 3120 fallens
1122 3057 1155 3120 et
1164 3056 1283 3121 blanda
1293 3056 1454 3139 pernicies.
1477 3058 1582 3120 contra

439 3157 595 3242 euangelii
610 3159 768 3242 uigorem,
791 3160 899 3222 contra
912 3157 1042 3222 Domini
1063 3174 1099 3222 ac
1118 3157 1179 3222 Dei
1194 3159 1298 3242 legem
1313 3156 1493 3223 temeritate
1507 3174 1586 3237 qrro·

438 3259 573 3323 rundam
594 3259 719 3324 laxatur
737 3260 873 3325 meantis
893 3259 1138 3336 conmunicatio,
1162 3259 1259 3324 inrita
1273 3259 1306 3322 et
1319 3258 1399 3323 false
1412 3277 1489 3341 pax,
1503 3259 1585 3339 peri-

439 3360 545 3425 culosa
570 3362 718 3427 dantibus
744 3365 777 3427 et
801 3362 883 3427 nihil
907 3361 1134 3446 accipientibus
1160 3360 1333 3443 profutura.
1356 3378 1417 3425 uon
1432 3361 1585 3442 quaerunt

544 3548 719 3612 escars.
773 3549 806 3602 14
824 3550 904 3618 spec.
918 3549 999 3612 are.

491 3700 692 3756 emanante
746 3700 933 3755 semustulatis
943 3699 991 3764 δ’,
1010 3699 1232 3754 semiustiulatis
1246 3701 1292 3765 W,
1317 3700 1442 3754 seruiusti
1454 3698 1535 3753 labili

437 3786 855 3856 lqucmuimqmplcgms
939 3785 1277 3853 dercasatepressnmll
1365 3784 1586 3853 scewanc

440 3871 476 3937 S,
493 3871 583 3926 ideon
633 3871 915 3927 9satiafactionesS¹
968 3869 1220 3925 eateasitSm.2
1274 3871 1308 3923 10
1319 3886 1408 3925 errore
1417 3868 1450 3924 δ’
1505 3872 1587 3924 semi·

438 3960 514 4010 tasc
583 3956 617 4010 12
634 3957 837 4011 mmministrat
852 3955 924 4012 Ws²
989 3955 1196 4010 13i11eom.R
1261 3954 1344 4026 adqui
1356 3956 1391 4021 S,
1410 3955 1534 4023 atqucR

438 4040 665 4110 faugnana
715 4041 999 4098 rancescere
1061 4042 1255 4095 reamur
1303 4025 1586 4106 misecone,

439 4126 513 4182 dele
564 4127 744 4181 libamentis
756 4127 789 4182 θ’
845 4127 879 4181 18
889 4129 926 4195 et]
939 4128 969 4181 et
979 4127 1009 4181 in
1020 4127 1105 4183 war
1157 4127 1191 4180 21
1205 4128 1422 4196 conquiratnrR
1478 4129 1587 4198 92agit

443 4210 517 4266 Ws·
586 4212 623 4267 25
640 4211 794 4268 adcessitS
860 4212 894 4266 27
913 4211 1120 4282 euuangelioS¹
1182 4212 1292 4282 legeS'
1363 4214 1399 4268 28
1416 4214 1589 4268 iuritnctcc

441 4296 651 4353 inritatflm
