4009 5034
403 392 468 457 346
809 386 956 443 Caecilii
973 387 1136 457 cypriani

406 547 520 613 timore
544 546 717 629 perstantes
740 543 911 629 imaginem
937 542 1059 609 bestiae
1082 561 1144 609 non
1169 540 1368 608 edomuerint
1389 558 1489 624 nequo
1502 539 1543 607 ad

407 649 531 716 funesta
545 647 613 714 eius
626 648 659 713 et
673 646 824 733 sacrilega
838 645 942 713 edicta
956 645 1175 711 consenserint.

407 803 501 868 Paos
522 817 589 867 uos
611 817 780 867 accmnan
801 816 841 864 rs
864 814 1039 864 rassroms
1060 814 1224 862 uacans
1245 814 1341 875 Qvau
1368 814 1463 876 Qvon
1483 814 1544 863 uro

693 917 907 967 svsmsanva
927 918 966 965 m
987 916 1065 965 orsa
1087 915 1261 965 reserem

361 1036 399 1100 η
451 1022 571 1088 Probat
584 1021 695 1087 boatus
709 1019 867 1104 spostolus
877 1020 996 1087 Paulus
1012 1020 1066 1102 qui
1081 1019 1261 1105 dignatione
1275 1020 1384 1086 diuina
1398 1038 1496 1102 usque
1512 1019 1544 1085 in
1566 1036 1579 1076 ι

409 1125 541 1191 tertium
563 1124 684 1190 caelum
705 1123 805 1206 adque
827 1123 861 1188 in
882 1123 1062 1206 paradisum
1077 1126 1187 1206 raptus
1201 1124 1325 1190 audisse
1340 1143 1373 1189 se
1386 1123 1545 1189 inenarra-

409 1227 489 1293 bilia
503 1229 653 1306 testatur,
674 1226 728 1310 qui
750 1227 873 1292 oculata
893 1225 955 1291 fide
977 1226 1084 1291 Iesum
1106 1224 1268 1291 Christum
1290 1226 1407 1291 uidisse
1427 1243 1461 1290 se
1476 1226 1545 1309 glo·

411 1329 529 1408 riatur,
553 1329 607 1411 qui
629 1329 663 1394 id
684 1329 767 1411 quod
786 1331 820 1392 et
833 1326 944 1393 didicit
959 1329 991 1392 et
1007 1327 1090 1392 uidit
1103 1327 1232 1394 maioris
1246 1326 1449 1394 eonscientiae
1463 1326 1547 1394 ueri·

410 1433 478 1498 tate
503 1433 673 1515 profitetur.
707 1450 781 1497 non
803 1432 909 1510 sunt,
944 1430 1063 1513 inquit,
1099 1430 1320 1515 condignae
1341 1430 1546 1514 passiones

411 1535 531 1599 huius
546 1535 734 1615 temporis
748 1534 794 1598 ad
809 1535 1139 1616 superuenturam
1154 1532 1436 1598 claritudinem
1450 1547 1583 1614 quaem

412 1634 663 1702 reuolubitur
684 1633 723 1698 in
746 1634 866 1700 nobis.
890 1634 961 1717 quis
975 1651 1049 1719 ergo
1064 1651 1124 1699 non
1139 1634 1284 1699 omnibus
1299 1633 1400 1699 modis
1411 1634 1548 1700 elaboret

413 1737 453 1803 ad
480 1737 657 1801 claritatem
681 1738 804 1801 mntem
831 1737 1007 1820 peruenire,
1030 1739 1067 1802 ut
1089 1737 1209 1802 amima
1235 1736 1294 1801 Dei
1321 1736 1391 1814 fiat,
1414 1738 1451 1801 ut
1476 1755 1549 1801 cum

414 1838 537 1905 Christo
553 1838 663 1904 statim
678 1838 829 1922 gaudeat,
853 1840 890 1904 ut
913 1841 985 1922 post
1009 1840 1166 1906 tormenta
1191 1840 1223 1906 et
1248 1839 1401 1923 supplicia
1427 1841 1550 1906 terrena

414 1943 555 2028 praemia
577 1941 686 2006 diuina
709 1942 935 2024 percipiattsi
961 1942 1119 2007 militibus
1146 1941 1355 2007 saecularibm
1378 1941 1549 2025 gloriosum

415 2046 463 2111 est
488 2045 525 2108 ut
550 2043 639 2108 hoste
665 2042 787 2109 deuicto
813 2043 940 2108 redeant
961 2044 994 2109 in
1015 2044 1151 2125 patriam
1166 2044 1411 2126 triumphantes,
1433 2047 1549 2126 quanto
1560 2065 1584 2104 c

415 2146 516 2229 potior
530 2146 563 2209 et
576 2144 677 2209 maior
690 2146 739 2208 est
751 2144 854 2228 gloria
868 2144 953 2210 uicto
967 2144 1092 2211 diabolo
1107 2145 1146 2210 ad
1161 2145 1339 2227 paradisum
1354 2146 1550 2228 triumphan-

415 2250 482 2314 tem
505 2246 606 2313 redire
628 2247 661 2310 et
681 2245 762 2310 unde
783 2245 887 2312 Adam
902 2250 1046 2331 peccator
1061 2246 1179 2312 eiectus
1194 2248 1241 2311 est
1254 2247 1332 2312 illue
1345 2248 1500 2329 prostrato
1514 2266 1550 2313 eo

417 2350 471 2432 qui
496 2351 569 2415 ante
595 2347 756 2429 deceperat
775 2349 923 2431 trophaea
943 2349 1087 2415 uictricia
1101 2351 1272 2432 reportare,
1295 2350 1403 2415 offerre
1416 2349 1550 2415 Domino

418 2450 669 2534 acceptissimum
695 2469 808 2515 munus
834 2452 1047 2533 incorruptam
1073 2451 1183 2530 fidem,
1205 2453 1356 2517 uirtutem
1371 2452 1485 2516 mentis
1502 2452 1550 2516 iu·

419 2556 591 2633 columem,
613 2553 737 2620 laudem
755 2553 929 2621 deuotionis
944 2555 1125 2633 inlustrem,
1149 2554 1293 2620 comitari
1308 2573 1377 2620 eum
1402 2573 1473 2620 cum
1496 2572 1586 2619 ueao

419 2658 488 2723 niro
502 2657 639 2741 coeperit
651 2657 825 2723 uindictam
840 2659 878 2723 do
892 2658 1031 2724 inimicis
1047 2661 1242 2742 recepturus,
1265 2658 1356 2722 lateri
1379 2657 1445 2722 eius
1467 2656 1552 2722 odsi·

419 2760 500 2823 storo
524 2777 596 2824 oum
622 2758 738 2825 sederit
763 2760 974 2838 iudicaturus,
996 2761 1177 2826 coheredem
1193 2758 1309 2826 Christi
1324 2758 1409 2835 fieri,
1433 2758 1553 2842 augelis

420 2861 600 2943 coaequari,
623 2879 695 2926 oum
710 2862 913 2943 patriarchis,
936 2882 1009 2927 oum
1024 2862 1187 2946 apostolis,
1211 2881 1282 2927 oum
1303 2861 1462 2944 prophetis
1483 2878 1553 2925 oae-

419 2960 509 3027 lestis
524 2962 612 3046 regni
632 2963 823 3043 possessione
848 2964 970 3031 laetari
995 2965 1053 3031 has
1068 2965 1273 3048 cogitationes
1288 2981 1367 3045 quae
1381 2960 1553 3045 persecutio

419 3064 525 3147 potest
538 3064 675 3143 uincere,
699 3084 778 3146 quae
791 3068 921 3149 possunt
934 3069 1092 3132 tormenta
1107 3069 1275 3148 superare?
1297 3064 1391 3130 durat
1405 3062 1495 3128 fortis
1521 3064 1589 3129 etas

421 3166 546 3231 stabilis
560 3165 714 3249 religiosis
728 3168 986 3234 meditationibus
1001 3167 1134 3234 fundata
1149 3186 1236 3233 mens
1259 3169 1292 3233 et
1312 3165 1463 3232 aduersus
1486 3183 1554 3231 om·

525 3334 542 3387 9
561 3333 635 3388 Rom
647 3335 672 3398 8,
687 3334 728 3388 18.

474 3486 623 3542 aucun
685 3491 873 3541 consenserunt
885 3488 926 3552 R,
943 3490 1108 3542 consenserit
1120 3488 1153 3542 S¹
1222 3484 1557 3555 meramnum

422 3572 626 3628 adsiboum.
672 3571 820 3626 mercedem
830 3572 864 3628 8¹
915 3573 1121 3643 eapostolosS¹
1172 3571 1323 3627 6me
1368 3569 1557 3625 inenarrabilia

423 3656 800 3722 retransmisimus
847 3659 1068 3729 lqnilquiaW
1112 3654 1507 3719 embammatum

423 3725 779 3812 smirneorum
874 3743 1235 3816 squammosas
1319 3740 1503 3797 motasse

424 3830 550 3888 maioris
618 3830 821 3899 9passionisa9
888 3832 922 3887 10
938 3833 1094 3887 claritatem
1110 3831 1193 3886 WRo
1262 3830 1294 3883 11
1312 3828 1398 3883 modia
1410 3828 1443 3891 S,
1455 3825 1560 3881 uiribus

427 3918 510 3974 WRu
568 3917 601 3971 12
618 3916 771 3972 claritatem
782 3918 826 3973 dei
838 3921 944 3973 tantam
957 3918 994 3983 S,
1012 3920 1118 3972 tantam
1130 3917 1309 3971 claritatcmo
1371 3910 1510 3967 datdeiS

424 4002 605 4073 lbest10tR
654 4002 882 4059 triumiaotemlt
927 4005 961 4058 16
972 4004 1062 4074 potior
1073 4002 1200 4058 otoraS
1241 3996 1560 4069 triumphantcsSreds

423 4091 555 4146 adm
616 4089 854 4145 lleetoieotusR
905 4090 971 4143 illut
983 4089 1016 4145 8¹
1075 4090 1109 4143 18
1119 4088 1279 4143 deiecerato
1329 4091 1423 4153 tropea
1435 4084 1560 4147 811110-

424 4176 519 4233 ieaW
603 4176 652 4231 deo
663 4175 708 4231 Ro
793 4176 827 4230 19
845 4173 994 4230 fldemoto
1083 4174 1185 4228 uirtute
1198 4174 1232 4228 δ’·
1305 4170 1341 4225 20
1357 4168 1560 4237 audonem

430 4260 1066 4330 Goldtorocommotcpoatinlustramsubloto
1118 4257 1309 4327 &ladaequm
1322 4256 1403 4311 WRo
1454 4255 1561 4324 idpsu-

426 4349 554 4405 scssionis
567 4349 600 4406 8¹
654 4348 690 4403 26
707 4347 878 4404 meditationi
891 4346 924 4404 8¹
