<?xml version="1.0" encoding="UTF-8"?>
<!DOCTYPE html PUBLIC "-//W3C//DTD XHTML 1.0 Transitional//EN"
    "http://www.w3.org/TR/xhtml1/DTD/xhtml1-transitional.dtd">
<html xmlns="http://www.w3.org/1999/xhtml" xml:lang="en" lang="en">
 <head>
  <title>
</title>
<meta http-equiv="Content-Type" content="text/html;charset=utf-8" />
  <meta name='ocr-system' content='tesseract 3.04.00' />
  <meta name='ocr-capabilities' content='ocr_page ocr_carea ocr_par ocr_line ocrx_word'/>
</head>
<body>
  <div class='ocr_page' id='page_1' title='image "./sthascicaecilic00hartgoog_0422.png"; bbox 0 0 4009 5034; ppageno 0'>
   <div class='ocr_carea' id='block_1_1' title="bbox 397 340 1144 411">
    <p class='ocr_par' dir='ltr' id='par_1_1' title="bbox 397 340 1144 411">
     <span class='ocr_line' id='line_1_1' title="bbox 397 340 1144 411; baseline -0.017 -3"><span class='ocrx_word' id='word_1_1' title='bbox 397 344 463 408; x_wconf 74' lang='lat'><strong>412</strong></span> <span class='ocrx_word' id='word_1_2' title='bbox 812 340 960 398; x_wconf 74' lang='lat' dir='ltr'><strong>Caecilii</strong></span> <span class='ocrx_word' id='word_1_3' title='bbox 978 341 1144 411; x_wconf 72' lang='lat' dir='ltr'><strong>Cypriani</strong></span> 
     </span>
    </p>
   </div>
   <div class='ocr_carea' id='block_1_2' title="bbox 399 482 1536 581">
    <p class='ocr_par' dir='ltr' id='par_1_2' title="bbox 399 482 1536 581">
     <span class='ocr_line' id='line_1_2' title="bbox 399 482 1536 581; baseline -0.001 -21"><span class='ocrx_word' id='word_1_4' title='bbox 399 496 571 580; x_wconf 76' lang='lat' dir='ltr'><strong>gubernat,</strong></span> <span class='ocrx_word' id='word_1_5' title='bbox 591 514 699 579; x_wconf 88' lang='lat' dir='ltr'><strong>pacem</strong></span> <span class='ocrx_word' id='word_1_6' title='bbox 715 496 868 575; x_wconf 76' lang='lat' dir='ltr'><strong>custodit,</strong></span> <span class='ocrx_word' id='word_1_7' title='bbox 891 495 1091 577; x_wconf 75' lang='lat' dir='ltr'><strong>disciplinam</strong></span> <span class='ocrx_word' id='word_1_8' title='bbox 1105 496 1205 581; x_wconf 90' lang='lat' dir='ltr'><strong>regit,</strong></span> <span class='ocrx_word' id='word_1_9' title='bbox 1226 495 1368 562; x_wconf 86' lang='lat' dir='ltr'><strong>libidinis</strong></span> <span class='ocrx_word' id='word_1_10' title='bbox 1382 482 1536 577; x_wconf 87' lang='lat' dir='ltr'><strong>impetum</strong></span> 
     </span>
    </p>
   </div>
   <div class='ocr_carea' id='block_1_3' title="bbox 352 597 1582 3434">
    <p class='ocr_par' dir='ltr' id='par_1_3' title="bbox 352 597 1582 3434">
     <span class='ocr_line' id='line_1_3' title="bbox 400 597 1537 682; baseline -0.001 -20"><span class='ocrx_word' id='word_1_11' title='bbox 400 598 533 682; x_wconf 82' lang='lat' dir='ltr'><strong>frangit,</strong></span> <span class='ocrx_word' id='word_1_12' title='bbox 570 599 704 663; x_wconf 92' lang='lat' dir='ltr'><strong>tumoris</strong></span> <span class='ocrx_word' id='word_1_13' title='bbox 728 597 912 664; x_wconf 87' lang='lat' dir='ltr'><strong>uiolentiam</strong></span> <span class='ocrx_word' id='word_1_14' title='bbox 939 598 1126 682; x_wconf 74' lang='lat' dir='ltr'><strong>conprimit,</strong></span> <span class='ocrx_word' id='word_1_15' title='bbox 1160 598 1338 665; x_wconf 85' lang='lat' dir='ltr'><strong>incendium</strong></span> <span class='ocrx_word' id='word_1_16' title='bbox 1364 597 1537 663; x_wconf 80' lang='lat' dir='ltr'><strong>simultatis</strong></span> 
     </span>
     <span class='ocr_line' id='line_1_4' title="bbox 399 699 1536 785; baseline -0.002 -18"><span class='ocrx_word' id='word_1_17' title='bbox 399 701 565 785; x_wconf 75' lang='lat' dir='ltr'><strong>extinguit,</strong></span> <span class='ocrx_word' id='word_1_18' title='bbox 581 703 702 768; x_wconf 86' lang='lat' dir='ltr'><strong>coercet</strong></span> <span class='ocrx_word' id='word_1_19' title='bbox 715 700 886 785; x_wconf 88' lang='lat' dir='ltr'><strong>potentiam</strong></span> <span class='ocrx_word' id='word_1_20' title='bbox 902 701 1051 779; x_wconf 78' lang='lat' dir='ltr'><strong>diuitum,</strong></span> <span class='ocrx_word' id='word_1_21' title='bbox 1066 700 1205 785; x_wconf 89' lang='lat' dir='ltr'><strong>inopiam</strong></span> <span class='ocrx_word' id='word_1_22' title='bbox 1220 720 1390 784; x_wconf 88' lang='lat' dir='ltr'><strong>pauperum</strong></span> <span class='ocrx_word' id='word_1_23' title='bbox 1405 699 1536 778; x_wconf 87' lang='lat' dir='ltr'><strong>reiouet,</strong></span> 
     </span>
     <span class='ocr_line' id='line_1_5' title="bbox 400 803 1537 889; baseline -0.001 -20"><span class='ocrx_word' id='word_1_24' title='bbox 400 805 508 869; x_wconf 89' lang='lat' dir='ltr'><strong>tuetur</strong></span> <span class='ocrx_word' id='word_1_25' title='bbox 529 804 563 869; x_wconf 89' lang='lat' dir='ltr'><strong>in</strong></span> <span class='ocrx_word' id='word_1_26' title='bbox 585 803 760 889; x_wconf 89' lang='lat' dir='ltr'><strong>uirginibus</strong></span> <span class='ocrx_word' id='word_1_27' title='bbox 782 804 907 870; x_wconf 89' lang='lat' dir='ltr'><strong>beatam</strong></span> <span class='ocrx_word' id='word_1_28' title='bbox 922 804 1157 888; x_wconf 81' lang='lat' dir='ltr'><strong>iutegritatem,</strong></span> <span class='ocrx_word' id='word_1_29' title='bbox 1180 803 1214 869; x_wconf 92' lang='lat' dir='ltr'><strong>in</strong></span> <span class='ocrx_word' id='word_1_30' title='bbox 1228 805 1335 871; x_wconf 89' lang='lat' dir='ltr'><strong>uiduis</strong></span> <span class='ocrx_word' id='word_1_31' title='bbox 1349 804 1537 870; x_wconf 82' lang='lat' dir='ltr'><strong>laboriosam</strong></span> 
     </span>
     <span class='ocr_line' id='line_1_6' title="bbox 401 905 1572 983; baseline 0 -13"><span class='ocrx_word' id='word_1_32' title='bbox 401 906 596 983; x_wconf 77' lang='lat' dir='ltr'><strong>castitatem,</strong></span> <span class='ocrx_word' id='word_1_33' title='bbox 629 906 663 971; x_wconf 89' lang='lat' dir='ltr'><strong>in</strong></span> <span class='ocrx_word' id='word_1_34' title='bbox 693 906 864 971; x_wconf 87' lang='lat' dir='ltr'><strong>coniunctis</strong></span> <span class='ocrx_word' id='word_1_35' title='bbox 890 909 923 971; x_wconf 91' lang='lat' dir='ltr'><strong>et</strong></span> <span class='ocrx_word' id='word_1_36' title='bbox 950 906 1110 972; x_wconf 86' lang='lat' dir='ltr'><strong>maritatis</strong></span> <span class='ocrx_word' id='word_1_37' title='bbox 1136 905 1336 972; x_wconf 89' lang='lat' dir='ltr'><strong>indiuiduam</strong></span> <span class='ocrx_word' id='word_1_38' title='bbox 1361 907 1536 972; x_wconf 75' lang='lat' dir='ltr'><strong>caritatem.</strong></span> <span class='ocrx_word' id='word_1_39' title='bbox 1560 931 1572 970; x_wconf 89' lang='grc' dir='ltr'><strong>ι</strong></span> 
     </span>
     <span class='ocr_line' id='line_1_7' title="bbox 400 1006 1536 1091; baseline -0.002 -18"><span class='ocrx_word' id='word_1_40' title='bbox 400 1006 480 1073; x_wconf 83' lang='lat' dir='ltr'><strong>iacit</strong></span> <span class='ocrx_word' id='word_1_41' title='bbox 492 1006 629 1073; x_wconf 82' lang='lat' dir='ltr'><strong>humiles</strong></span> <span class='ocrx_word' id='word_1_42' title='bbox 643 1008 677 1072; x_wconf 92' lang='lat' dir='ltr'><strong>in</strong></span> <span class='ocrx_word' id='word_1_43' title='bbox 690 1009 860 1091; x_wconf 82' lang='lat' dir='ltr'><strong>prosperis,</strong></span> <span class='ocrx_word' id='word_1_44' title='bbox 883 1007 917 1073; x_wconf 92' lang='lat' dir='ltr'><strong>in</strong></span> <span class='ocrx_word' id='word_1_45' title='bbox 931 1007 1073 1074; x_wconf 88' lang='lat' dir='ltr'><strong>aduersis</strong></span> <span class='ocrx_word' id='word_1_46' title='bbox 1087 1006 1200 1086; x_wconf 83' lang='lat' dir='ltr'><strong>fortes,</strong></span> <span class='ocrx_word' id='word_1_47' title='bbox 1223 1010 1331 1074; x_wconf 83' lang='lat' dir='ltr'><strong>eoutm</strong></span> <span class='ocrx_word' id='word_1_48' title='bbox 1351 1007 1482 1074; x_wconf 88' lang='lat' dir='ltr'><strong>iniurias</strong></span> <span class='ocrx_word' id='word_1_49' title='bbox 1504 1008 1536 1072; x_wconf 90' lang='lat' dir='ltr'><strong>et</strong></span> 
     </span>
     <span class='ocr_line' id='line_1_8' title="bbox 402 1111 1536 1198; baseline -0.002 -21"><span class='ocrx_word' id='word_1_50' title='bbox 402 1111 606 1177; x_wconf 86' lang='lat' dir='ltr'><strong>contumelias</strong></span> <span class='ocrx_word' id='word_1_51' title='bbox 620 1111 724 1177; x_wconf 90' lang='lat' dir='ltr'><strong>mites.</strong></span> <span class='ocrx_word' id='word_1_52' title='bbox 748 1111 838 1177; x_wconf 89' lang='lat' dir='ltr'><strong>docet</strong></span> <span class='ocrx_word' id='word_1_53' title='bbox 859 1112 1115 1195; x_wconf 90' lang='lat' dir='ltr'><strong>delinquentibus</strong></span> <span class='ocrx_word' id='word_1_54' title='bbox 1137 1112 1200 1178; x_wconf 86' lang='lat' dir='ltr'><strong>cito</strong></span> <span class='ocrx_word' id='word_1_55' title='bbox 1222 1112 1396 1198; x_wconf 84' lang='lat' dir='ltr'><strong>ignoscere,</strong></span> <span class='ocrx_word' id='word_1_56' title='bbox 1419 1112 1447 1177; x_wconf 93' lang='lat' dir='ltr'><strong>si</strong></span> <span class='ocrx_word' id='word_1_57' title='bbox 1468 1112 1536 1193; x_wconf 88' lang='lat' dir='ltr'><strong>ipse</strong></span> 
     </span>
     <span class='ocr_line' id='line_1_9' title="bbox 402 1213 1537 1299; baseline -0.002 -20"><span class='ocrx_word' id='word_1_58' title='bbox 402 1213 579 1296; x_wconf 86' lang='lat' dir='ltr'><strong>delinquas,</strong></span> <span class='ocrx_word' id='word_1_59' title='bbox 602 1214 657 1279; x_wconf 92' lang='lat' dir='ltr'><strong>diu</strong></span> <span class='ocrx_word' id='word_1_60' title='bbox 680 1214 713 1279; x_wconf 91' lang='lat' dir='ltr'><strong>et</strong></span> <span class='ocrx_word' id='word_1_61' title='bbox 734 1215 870 1279; x_wconf 89' lang='lat' dir='ltr'><strong>multum</strong></span> <span class='ocrx_word' id='word_1_62' title='bbox 892 1233 1012 1299; x_wconf 88' lang='lat' dir='ltr'><strong>rogare.</strong></span> <span class='ocrx_word' id='word_1_63' title='bbox 1035 1214 1257 1296; x_wconf 84' lang='lat' dir='ltr'><strong>temptationes</strong></span> <span class='ocrx_word' id='word_1_64' title='bbox 1273 1215 1443 1299; x_wconf 83' lang='lat' dir='ltr'><strong>expugnat,</strong></span> <span class='ocrx_word' id='word_1_65' title='bbox 1465 1232 1537 1295; x_wconf 90' lang='lat' dir='ltr'><strong>per·</strong></span> 
     </span>
     <span class='ocr_line' id='line_1_10' title="bbox 401 1315 1538 1400; baseline -0.002 -20"><span class='ocrx_word' id='word_1_66' title='bbox 401 1315 575 1381; x_wconf 90' lang='lat' dir='ltr'><strong>secutiones</strong></span> <span class='ocrx_word' id='word_1_67' title='bbox 596 1315 725 1394; x_wconf 87' lang='lat' dir='ltr'><strong>tolerat,</strong></span> <span class='ocrx_word' id='word_1_68' title='bbox 759 1316 918 1399; x_wconf 89' lang='lat' dir='ltr'><strong>passiones</strong></span> <span class='ocrx_word' id='word_1_69' title='bbox 940 1317 974 1381; x_wconf 90' lang='lat' dir='ltr'><strong>et</strong></span> <span class='ocrx_word' id='word_1_70' title='bbox 996 1316 1149 1400; x_wconf 81' lang='lat' dir='ltr'><strong>martyria</strong></span> <span class='ocrx_word' id='word_1_71' title='bbox 1170 1317 1376 1381; x_wconf 85' lang='lat' dir='ltr'><strong>consummat</strong></span> <span class='ocrx_word' id='word_1_72' title='bbox 1399 1315 1468 1397; x_wconf 87' lang='lat' dir='ltr'><strong>ipsa</strong></span> <span class='ocrx_word' id='word_1_73' title='bbox 1489 1316 1538 1380; x_wconf 85' lang='lat' dir='ltr'><strong>est</strong></span> 
     </span>
     <span class='ocr_line' id='line_1_11' title="bbox 401 1416 1575 1502; baseline -0.003 -17"><span class='ocrx_word' id='word_1_74' title='bbox 401 1438 480 1502; x_wconf 90' lang='lat' dir='ltr'><strong>quae</strong></span> <span class='ocrx_word' id='word_1_75' title='bbox 494 1418 566 1484; x_wconf 87' lang='lat' dir='ltr'><strong>fidei</strong></span> <span class='ocrx_word' id='word_1_76' title='bbox 581 1419 706 1485; x_wconf 89' lang='lat' dir='ltr'><strong>nostrae</strong></span> <span class='ocrx_word' id='word_1_77' title='bbox 720 1418 921 1485; x_wconf 81' lang='lat' dir='ltr'><strong>fundamenta</strong></span> <span class='ocrx_word' id='word_1_78' title='bbox 936 1418 1070 1484; x_wconf 83' lang='lat' dir='ltr'><strong>firmiter</strong></span> <span class='ocrx_word' id='word_1_79' title='bbox 1090 1419 1204 1484; x_wconf 88' lang='lat' dir='ltr'><strong>munit</strong></span> <span class='ocrx_word' id='word_1_80' title='bbox 1226 1418 1296 1501; x_wconf 89' lang='lat' dir='ltr'><strong>ipsa</strong></span> <span class='ocrx_word' id='word_1_81' title='bbox 1317 1419 1367 1484; x_wconf 85' lang='lat' dir='ltr'><strong>est</strong></span> <span class='ocrx_word' id='word_1_82' title='bbox 1388 1435 1465 1500; x_wconf 90' lang='lat' dir='ltr'><strong>quae</strong></span> <span class='ocrx_word' id='word_1_83' title='bbox 1488 1416 1575 1481; x_wconf 80' lang='lat' dir='ltr'><strong>iu·1e</strong></span> 
     </span>
     <span class='ocr_line' id='line_1_12' title="bbox 402 1519 1538 1604; baseline -0.004 -17"><span class='ocrx_word' id='word_1_84' title='bbox 402 1523 560 1587; x_wconf 88' lang='lat' dir='ltr'><strong>crementa</strong></span> <span class='ocrx_word' id='word_1_85' title='bbox 575 1521 641 1604; x_wconf 92' lang='lat' dir='ltr'><strong>spei</strong></span> <span class='ocrx_word' id='word_1_86' title='bbox 656 1520 835 1587; x_wconf 89' lang='lat' dir='ltr'><strong>sublimiter</strong></span> <span class='ocrx_word' id='word_1_87' title='bbox 850 1521 1002 1602; x_wconf 91' lang='lat' dir='ltr'><strong>prouehit.</strong></span> <span class='ocrx_word' id='word_1_88' title='bbox 1027 1521 1096 1602; x_wconf 88' lang='lat' dir='ltr'><strong>ipsa</strong></span> <span class='ocrx_word' id='word_1_89' title='bbox 1110 1521 1216 1585; x_wconf 86' lang='lat' dir='ltr'><strong>actum</strong></span> <span class='ocrx_word' id='word_1_90' title='bbox 1232 1519 1359 1603; x_wconf 73' lang='lat' dir='ltr'><strong>(lingit,</strong></span> <span class='ocrx_word' id='word_1_91' title='bbox 1382 1519 1419 1583; x_wconf 91' lang='lat' dir='ltr'><strong>ut</strong></span> <span class='ocrx_word' id='word_1_92' title='bbox 1434 1519 1538 1584; x_wconf 91' lang='lat' dir='ltr'><strong>tenere</strong></span> 
     </span>
     <span class='ocr_line' id='line_1_13' title="bbox 400 1620 1538 1707; baseline -0.004 -19"><span class='ocrx_word' id='word_1_93' title='bbox 400 1624 557 1705; x_wconf 91' lang='lat' dir='ltr'><strong>possimus</strong></span> <span class='ocrx_word' id='word_1_94' title='bbox 572 1622 658 1688; x_wconf 90' lang='lat' dir='ltr'><strong>uiam</strong></span> <span class='ocrx_word' id='word_1_95' title='bbox 674 1620 799 1702; x_wconf 84' lang='lat' dir='ltr'><strong>Christi,</strong></span> <span class='ocrx_word' id='word_1_96' title='bbox 817 1624 892 1688; x_wconf 92' lang='lat' dir='ltr'><strong>dum</strong></span> <span class='ocrx_word' id='word_1_97' title='bbox 908 1641 964 1707; x_wconf 88' lang='lat' dir='ltr'><strong>por</strong></span> <span class='ocrx_word' id='word_1_98' title='bbox 978 1622 1047 1687; x_wconf 92' lang='lat' dir='ltr'><strong>eius</strong></span> <span class='ocrx_word' id='word_1_99' title='bbox 1062 1622 1261 1689; x_wconf 87' lang='lat' dir='ltr'><strong>tolerantiam</strong></span> <span class='ocrx_word' id='word_1_100' title='bbox 1277 1621 1446 1707; x_wconf 80' lang='lat' dir='ltr'><strong>gradimur.</strong></span> <span class='ocrx_word' id='word_1_101' title='bbox 1469 1621 1538 1702; x_wconf 91' lang='lat' dir='ltr'><strong>ipsa</strong></span> 
     </span>
     <span class='ocr_line' id='line_1_14' title="bbox 402 1724 1536 1808; baseline -0.004 -18"><span class='ocrx_word' id='word_1_102' title='bbox 402 1724 500 1790; x_wconf 84' lang='lat' dir='ltr'><strong>efficit</strong></span> <span class='ocrx_word' id='word_1_103' title='bbox 514 1725 551 1789; x_wconf 90' lang='grc' dir='ltr'><strong>ιι</strong></span> <span class='ocrx_word' id='word_1_104' title='bbox 564 1743 794 1806; x_wconf 88' lang='lat' dir='ltr'><strong>perseueremus</strong></span> <span class='ocrx_word' id='word_1_105' title='bbox 809 1724 866 1789; x_wconf 88' lang='lat' dir='ltr'><strong>lilii</strong></span> <span class='ocrx_word' id='word_1_106' title='bbox 878 1726 947 1801; x_wconf 88' lang='lat' dir='ltr'><strong>Dei,</strong></span> <span class='ocrx_word' id='word_1_107' title='bbox 963 1726 1039 1790; x_wconf 89' lang='lat' dir='ltr'><strong>dum</strong></span> <span class='ocrx_word' id='word_1_108' title='bbox 1054 1725 1240 1808; x_wconf 89' lang='lat' dir='ltr'><strong>patientiam</strong></span> <span class='ocrx_word' id='word_1_109' title='bbox 1250 1725 1350 1807; x_wconf 88' lang='lat' dir='ltr'><strong>patris</strong></span> <span class='ocrx_word' id='word_1_110' title='bbox 1364 1724 1536 1788; x_wconf 82' lang='lat' dir='ltr'><strong>imitamur.</strong></span> 
     </span>
     <span class='ocr_line' id='line_1_15' title="bbox 352 1824 1539 1909; baseline -0.007 -13"><span class='ocrx_word' id='word_1_111' title='bbox 352 1834 388 1898; x_wconf 74' lang='lat' dir='ltr'><strong>el</strong></span> <span class='ocrx_word' id='word_1_112' title='bbox 446 1827 489 1891; x_wconf 80' lang='lat' dir='ltr'><strong>nt</strong></span> <span class='ocrx_word' id='word_1_113' title='bbox 515 1827 661 1909; x_wconf 88' lang='lat' dir='ltr'><strong>quoniam</strong></span> <span class='ocrx_word' id='word_1_114' title='bbox 686 1826 839 1909; x_wconf 88' lang='lat' dir='ltr'><strong>plurimos</strong></span> <span class='ocrx_word' id='word_1_115' title='bbox 868 1827 948 1902; x_wconf 84' lang='lat' dir='ltr'><strong>scio,</strong></span> <span class='ocrx_word' id='word_1_116' title='bbox 971 1827 1085 1891; x_wconf 83' lang='lat' dir='ltr'><strong>iratres</strong></span> <span class='ocrx_word' id='word_1_117' title='bbox 1099 1825 1316 1905; x_wconf 85' lang='lat' dir='ltr'><strong>dilectissimi,</strong></span> <span class='ocrx_word' id='word_1_118' title='bbox 1339 1826 1390 1891; x_wconf 93' lang='lat' dir='ltr'><strong>uel</strong></span> <span class='ocrx_word' id='word_1_119' title='bbox 1405 1824 1539 1907; x_wconf 89' lang='lat' dir='ltr'><strong>pondere</strong></span> 
     </span>
     <span class='ocr_line' id='line_1_16' title="bbox 402 1928 1574 2012; baseline 0 -20"><span class='ocrx_word' id='word_1_120' title='bbox 402 1928 588 1993; x_wconf 89' lang='lat' dir='ltr'><strong>iniuriarum</strong></span> <span class='ocrx_word' id='word_1_121' title='bbox 601 1929 783 2012; x_wconf 88' lang='lat' dir='ltr'><strong>augentium</strong></span> <span class='ocrx_word' id='word_1_122' title='bbox 797 1929 847 1993; x_wconf 89' lang='lat' dir='ltr'><strong>uel</strong></span> <span class='ocrx_word' id='word_1_123' title='bbox 863 1928 968 1994; x_wconf 89' lang='lat' dir='ltr'><strong>dolore</strong></span> <span class='ocrx_word' id='word_1_124' title='bbox 982 1929 1022 1994; x_wconf 88' lang='lat' dir='ltr'><strong>de</strong></span> <span class='ocrx_word' id='word_1_125' title='bbox 1036 1930 1081 1993; x_wconf 91' lang='lat' dir='ltr'><strong>eis</strong></span> <span class='ocrx_word' id='word_1_126' title='bbox 1097 1928 1151 2011; x_wconf 92' lang='lat' dir='ltr'><strong>qui</strong></span> <span class='ocrx_word' id='word_1_127' title='bbox 1166 1929 1332 1993; x_wconf 87' lang='lat' dir='ltr'><strong>aduersum</strong></span> <span class='ocrx_word' id='word_1_128' title='bbox 1348 1946 1381 1992; x_wconf 91' lang='lat' dir='ltr'><strong>se</strong></span> <span class='ocrx_word' id='word_1_129' title='bbox 1395 1944 1539 2010; x_wconf 85' lang='lat' dir='ltr'><strong>grassan-</strong></span> <span class='ocrx_word' id='word_1_130' title='bbox 1549 1953 1574 1992; x_wconf 84' lang='grc' dir='ltr'><strong>ιι</strong></span> 
     </span>
     <span class='ocr_line' id='line_1_17' title="bbox 403 2028 1540 2110; baseline -0.002 -16"><span class='ocrx_word' id='word_1_131' title='bbox 403 2029 457 2094; x_wconf 92' lang='lat' dir='ltr'><strong>tur</strong></span> <span class='ocrx_word' id='word_1_132' title='bbox 470 2029 502 2093; x_wconf 92' lang='lat' dir='ltr'><strong>et</strong></span> <span class='ocrx_word' id='word_1_133' title='bbox 517 2030 660 2095; x_wconf 89' lang='lat' dir='ltr'><strong>saeuiunt</strong></span> <span class='ocrx_word' id='word_1_134' title='bbox 675 2029 827 2095; x_wconf 90' lang='lat' dir='ltr'><strong>uindicari</strong></span> <span class='ocrx_word' id='word_1_135' title='bbox 842 2029 991 2095; x_wconf 88' lang='lat' dir='ltr'><strong>uelociter</strong></span> <span class='ocrx_word' id='word_1_136' title='bbox 1006 2048 1133 2110; x_wconf 90' lang='lat' dir='ltr'><strong>cupere,</strong></span> <span class='ocrx_word' id='word_1_137' title='bbox 1158 2048 1216 2095; x_wconf 91' lang='lat' dir='ltr'><strong>nec</strong></span> <span class='ocrx_word' id='word_1_138' title='bbox 1237 2028 1317 2093; x_wconf 91' lang='lat' dir='ltr'><strong>illud</strong></span> <span class='ocrx_word' id='word_1_139' title='bbox 1343 2028 1377 2093; x_wconf 92' lang='lat' dir='ltr'><strong>in</strong></span> <span class='ocrx_word' id='word_1_140' title='bbox 1402 2030 1540 2092; x_wconf 81' lang='lat' dir='ltr'><strong>extema</strong></span> 
     </span>
     <span class='ocr_line' id='line_1_18' title="bbox 401 2128 1540 2211; baseline -0.003 -15"><span class='ocrx_word' id='word_1_141' title='bbox 401 2131 491 2211; x_wconf 87' lang='lat' dir='ltr'><strong>parte</strong></span> <span class='ocrx_word' id='word_1_142' title='bbox 505 2130 699 2196; x_wconf 90' lang='lat' dir='ltr'><strong>reticendum</strong></span> <span class='ocrx_word' id='word_1_143' title='bbox 711 2132 777 2208; x_wconf 86' lang='lat' dir='ltr'><strong>est,</strong></span> <span class='ocrx_word' id='word_1_144' title='bbox 802 2132 885 2196; x_wconf 91' lang='lat' dir='ltr'><strong>utin</strong></span> <span class='ocrx_word' id='word_1_145' title='bbox 900 2131 972 2197; x_wconf 84' lang='lat' dir='ltr'><strong>istis</strong></span> <span class='ocrx_word' id='word_1_146' title='bbox 990 2130 1174 2197; x_wconf 88' lang='lat' dir='ltr'><strong>fluctuantis</strong></span> <span class='ocrx_word' id='word_1_147' title='bbox 1189 2132 1299 2196; x_wconf 88' lang='lat' dir='ltr'><strong>muudi</strong></span> <span class='ocrx_word' id='word_1_148' title='bbox 1314 2128 1493 2195; x_wconf 91' lang='lat' dir='ltr'><strong>turbinibus</strong></span> <span class='ocrx_word' id='word_1_149' title='bbox 1507 2130 1540 2194; x_wconf 91' lang='lat' dir='ltr'><strong>et</strong></span> 
     </span>
     <span class='ocr_line' id='line_1_19' title="bbox 404 2231 1540 2317; baseline -0.003 -19"><span class='ocrx_word' id='word_1_150' title='bbox 404 2232 592 2298; x_wconf 86' lang='lat' dir='ltr'><strong>Iudaeorum</strong></span> <span class='ocrx_word' id='word_1_151' title='bbox 607 2234 674 2298; x_wconf 91' lang='lat' dir='ltr'><strong>siue</strong></span> <span class='ocrx_word' id='word_1_152' title='bbox 695 2232 863 2317; x_wconf 82' lang='lat' dir='ltr'><strong>gentilium</strong></span> <span class='ocrx_word' id='word_1_153' title='bbox 885 2236 918 2298; x_wconf 89' lang='lat' dir='ltr'><strong>et</strong></span> <span class='ocrx_word' id='word_1_154' title='bbox 940 2233 1165 2298; x_wconf 87' lang='lat' dir='ltr'><strong>haeretieorum</strong></span> <span class='ocrx_word' id='word_1_155' title='bbox 1181 2251 1303 2316; x_wconf 90' lang='lat' dir='ltr'><strong>quoque</strong></span> <span class='ocrx_word' id='word_1_156' title='bbox 1316 2231 1540 2315; x_wconf 89' lang='lat' dir='ltr'><strong>persecutioni·</strong></span> 
     </span>
     <span class='ocr_line' id='line_1_20' title="bbox 401 2333 1541 2418; baseline -0.002 -18"><span class='ocrx_word' id='word_1_157' title='bbox 401 2336 465 2400; x_wconf 93' lang='lat' dir='ltr'><strong>bus</strong></span> <span class='ocrx_word' id='word_1_158' title='bbox 480 2335 643 2401; x_wconf 86' lang='lat' dir='ltr'><strong>constituti</strong></span> <span class='ocrx_word' id='word_1_159' title='bbox 658 2336 814 2417; x_wconf 92' lang='lat' dir='ltr'><strong>patienter</strong></span> <span class='ocrx_word' id='word_1_160' title='bbox 828 2339 1026 2418; x_wconf 82' lang='lat' dir='ltr'><strong>expectemus</strong></span> <span class='ocrx_word' id='word_1_161' title='bbox 1041 2335 1171 2401; x_wconf 89' lang='lat' dir='ltr'><strong>ultionis</strong></span> <span class='ocrx_word' id='word_1_162' title='bbox 1186 2336 1271 2402; x_wconf 91' lang='lat' dir='ltr'><strong>diem</strong></span> <span class='ocrx_word' id='word_1_163' title='bbox 1292 2352 1349 2400; x_wconf 91' lang='lat' dir='ltr'><strong>uec</strong></span> <span class='ocrx_word' id='word_1_164' title='bbox 1363 2334 1402 2399; x_wconf 89' lang='lat' dir='ltr'><strong>ad</strong></span> <span class='ocrx_word' id='word_1_165' title='bbox 1417 2333 1541 2398; x_wconf 90' lang='lat' dir='ltr'><strong>uindic-</strong></span> 
     </span>
     <span class='ocr_line' id='line_1_21' title="bbox 404 2435 1580 2519; baseline -0.003 -17"><span class='ocrx_word' id='word_1_166' title='bbox 404 2438 472 2502; x_wconf 88' lang='lat' dir='ltr'><strong>tam</strong></span> <span class='ocrx_word' id='word_1_167' title='bbox 487 2437 601 2501; x_wconf 91' lang='lat' dir='ltr'><strong>doloris</strong></span> <span class='ocrx_word' id='word_1_168' title='bbox 623 2438 722 2502; x_wconf 90' lang='lat' dir='ltr'><strong>uestri</strong></span> <span class='ocrx_word' id='word_1_169' title='bbox 745 2437 874 2518; x_wconf 81' lang='lat' dir='ltr'><strong>quenula</strong></span> <span class='ocrx_word' id='word_1_170' title='bbox 895 2437 1096 2502; x_wconf 82' lang='lat' dir='ltr'><strong>festinatione</strong></span> <span class='ocrx_word' id='word_1_171' title='bbox 1109 2454 1325 2519; x_wconf 89' lang='lat' dir='ltr'><strong>properemus,</strong></span> <span class='ocrx_word' id='word_1_172' title='bbox 1349 2454 1420 2500; x_wconf 90' lang='lat' dir='ltr'><strong>cum</strong></span> <span class='ocrx_word' id='word_1_173' title='bbox 1443 2435 1580 2517; x_wconf 74' lang='lat' dir='ltr'><strong>scrip-20</strong></span> 
     </span>
     <span class='ocr_line' id='line_1_22' title="bbox 405 2536 1543 2620; baseline -0.004 -15"><span class='ocrx_word' id='word_1_174' title='bbox 405 2542 477 2605; x_wconf 91' lang='lat' dir='ltr'><strong>tum</strong></span> <span class='ocrx_word' id='word_1_175' title='bbox 498 2539 559 2604; x_wconf 90' lang='lat' dir='ltr'><strong>sit:</strong></span> <span class='ocrx_word' id='word_1_176' title='bbox 591 2540 754 2620; x_wconf 86' lang='lat' dir='ltr'><strong>expecta</strong></span> <span class='ocrx_word' id='word_1_177' title='bbox 782 2558 856 2618; x_wconf 89' lang='lat' dir='ltr'><strong>me,</strong></span> <span class='ocrx_word' id='word_1_178' title='bbox 891 2539 994 2604; x_wconf 84' lang='lat' dir='ltr'><strong>dicit</strong></span> <span class='ocrx_word' id='word_1_179' title='bbox 1015 2538 1221 2616; x_wconf 88' lang='lat' dir='ltr'><strong>Dominus,</strong></span> <span class='ocrx_word' id='word_1_180' title='bbox 1255 2537 1294 2603; x_wconf 88' lang='lat' dir='ltr'><strong>iu</strong></span> <span class='ocrx_word' id='word_1_181' title='bbox 1324 2536 1387 2604; x_wconf 90' lang='lat' dir='ltr'><strong>die</strong></span> <span class='ocrx_word' id='word_1_182' title='bbox 1416 2555 1543 2603; x_wconf 90' lang='lat' dir='ltr'><strong>resur·</strong></span> 
     </span>
     <span class='ocr_line' id='line_1_23' title="bbox 406 2640 1543 2724; baseline -0.003 -17"><span class='ocrx_word' id='word_1_183' title='bbox 406 2641 597 2707; x_wconf 88' lang='lat' dir='ltr'><strong>rectionis</strong></span> <span class='ocrx_word' id='word_1_184' title='bbox 618 2659 722 2706; x_wconf 91' lang='lat' dir='ltr'><strong>meae</strong></span> <span class='ocrx_word' id='word_1_185' title='bbox 755 2641 792 2707; x_wconf 93' lang='lat' dir='ltr'><strong>iu</strong></span> <span class='ocrx_word' id='word_1_186' title='bbox 824 2642 1118 2718; x_wconf 88' lang='lat' dir='ltr'><strong>testimonium,</strong></span> <span class='ocrx_word' id='word_1_187' title='bbox 1152 2641 1332 2724; x_wconf 87' lang='lat' dir='ltr'><strong>quoniam</strong></span> <span class='ocrx_word' id='word_1_188' title='bbox 1354 2640 1543 2705; x_wconf 85' lang='lat' dir='ltr'><strong>iudicium</strong></span> 
     </span>
     <span class='ocr_line' id='line_1_24' title="bbox 407 2741 1545 2827; baseline -0.003 -20"><span class='ocrx_word' id='word_1_189' title='bbox 407 2761 530 2807; x_wconf 90' lang='lat' dir='ltr'><strong>meum</strong></span> <span class='ocrx_word' id='word_1_190' title='bbox 552 2743 598 2807; x_wconf 87' lang='lat' dir='ltr'><strong>ad</strong></span> <span class='ocrx_word' id='word_1_191' title='bbox 621 2744 946 2827; x_wconf 80' lang='lat' dir='ltr'><strong>congregationes</strong></span> <span class='ocrx_word' id='word_1_192' title='bbox 975 2743 1169 2827; x_wconf 87' lang='lat' dir='ltr'><strong>gentium,</strong></span> <span class='ocrx_word' id='word_1_193' title='bbox 1203 2745 1246 2807; x_wconf 91' lang='lat' dir='ltr'><strong>ut</strong></span> <span class='ocrx_word' id='word_1_194' title='bbox 1275 2741 1468 2823; x_wconf 82' lang='lat' dir='ltr'><strong>excipiam</strong></span> <span class='ocrx_word' id='word_1_195' title='bbox 1490 2760 1545 2804; x_wconf 90' lang='lat' dir='ltr'><strong>re-</strong></span> 
     </span>
     <span class='ocr_line' id='line_1_25' title="bbox 408 2843 1546 2931; baseline -0.003 -21"><span class='ocrx_word' id='word_1_196' title='bbox 408 2863 476 2931; x_wconf 90' lang='lat' dir='ltr'><strong>ges</strong></span> <span class='ocrx_word' id='word_1_197' title='bbox 504 2847 543 2910; x_wconf 91' lang='lat' dir='ltr'><strong>et</strong></span> <span class='ocrx_word' id='word_1_198' title='bbox 572 2843 771 2911; x_wconf 81' lang='lat' dir='ltr'><strong>effundam</strong></span> <span class='ocrx_word' id='word_1_199' title='bbox 801 2862 916 2927; x_wconf 90' lang='lat' dir='ltr'><strong>super</strong></span> <span class='ocrx_word' id='word_1_200' title='bbox 944 2861 1007 2908; x_wconf 89' lang='lat' dir='ltr'><strong>eos</strong></span> <span class='ocrx_word' id='word_1_201' title='bbox 1030 2845 1132 2909; x_wconf 89' lang='lat' dir='ltr'><strong>iram</strong></span> <span class='ocrx_word' id='word_1_202' title='bbox 1153 2862 1282 2909; x_wconf 89' lang='lat' dir='ltr'><strong>meam.</strong></span> <span class='ocrx_word' id='word_1_203' title='bbox 1316 2844 1546 2926; x_wconf 85' lang='lat' dir='ltr'><strong>expectareuos</strong></span> 
     </span>
     <span class='ocr_line' id='line_1_26' title="bbox 407 2943 1582 3027; baseline -0.004 -15"><span class='ocrx_word' id='word_1_204' title='bbox 407 2947 496 3013; x_wconf 91' lang='lat' dir='ltr'><strong>iubet</strong></span> <span class='ocrx_word' id='word_1_205' title='bbox 509 2946 664 3012; x_wconf 90' lang='lat' dir='ltr'><strong>Dominus</strong></span> <span class='ocrx_word' id='word_1_206' title='bbox 677 2947 711 3011; x_wconf 91' lang='lat' dir='ltr'><strong>et</strong></span> <span class='ocrx_word' id='word_1_207' title='bbox 724 2944 849 3011; x_wconf 81' lang='lat' dir='ltr'><strong>futurae</strong></span> <span class='ocrx_word' id='word_1_208' title='bbox 863 2946 993 3012; x_wconf 88' lang='lat' dir='ltr'><strong>ultiouis</strong></span> <span class='ocrx_word' id='word_1_209' title='bbox 1015 2946 1100 3012; x_wconf 91' lang='lat' dir='ltr'><strong>diem</strong></span> <span class='ocrx_word' id='word_1_210' title='bbox 1122 2945 1195 3010; x_wconf 84' lang='lat' dir='ltr'><strong>forti</strong></span> <span class='ocrx_word' id='word_1_211' title='bbox 1217 2944 1370 3027; x_wconf 89' lang='lat' dir='ltr'><strong>patientia</strong></span> <span class='ocrx_word' id='word_1_212' title='bbox 1384 2943 1546 3021; x_wconf 90' lang='lat' dir='ltr'><strong>sustinere,</strong></span> <span class='ocrx_word' id='word_1_213' title='bbox 1555 2965 1582 3007; x_wconf 75' lang='lat' dir='ltr'><strong>a</strong></span> 
     </span>
     <span class='ocr_line' id='line_1_27' title="bbox 409 3045 1548 3134; baseline -0.003 -20"><span class='ocrx_word' id='word_1_214' title='bbox 409 3050 463 3133; x_wconf 93' lang='lat' dir='ltr'><strong>qui</strong></span> <span class='ocrx_word' id='word_1_215' title='bbox 485 3052 518 3114; x_wconf 92' lang='lat' dir='ltr'><strong>et</strong></span> <span class='ocrx_word' id='word_1_216' title='bbox 539 3047 777 3131; x_wconf 73' lang='lat' dir='ltr'><strong>inrlpocalypei</strong></span> <span class='ocrx_word' id='word_1_217' title='bbox 799 3048 936 3130; x_wconf 89' lang='lat' dir='ltr'><strong>loquitur</strong></span> <span class='ocrx_word' id='word_1_218' title='bbox 958 3049 1079 3113; x_wconf 90' lang='lat' dir='ltr'><strong>dicens:</strong></span> <span class='ocrx_word' id='word_1_219' title='bbox 1112 3067 1157 3114; x_wconf 91' lang='lat' dir='ltr'><strong>ue</strong></span> <span class='ocrx_word' id='word_1_220' title='bbox 1178 3047 1407 3134; x_wconf 90' lang='lat' dir='ltr'><strong>signaueris</strong></span> <span class='ocrx_word' id='word_1_221' title='bbox 1429 3045 1548 3111; x_wconf 89' lang='lat' dir='ltr'><strong>uerba</strong></span> 
     </span>
     <span class='ocr_line' id='line_1_28' title="bbox 408 3148 1546 3233; baseline -0.004 -18"><span class='ocrx_word' id='word_1_222' title='bbox 408 3150 639 3233; x_wconf 89' lang='lat' dir='ltr'><strong>prophetiae</strong></span> <span class='ocrx_word' id='word_1_223' title='bbox 661 3148 756 3214; x_wconf 90' lang='lat' dir='ltr'><strong>libri</strong></span> <span class='ocrx_word' id='word_1_224' title='bbox 778 3150 910 3227; x_wconf 87' lang='lat' dir='ltr'><strong>buius,</strong></span> <span class='ocrx_word' id='word_1_225' title='bbox 926 3151 1017 3232; x_wconf 88' lang='lat' dir='ltr'><strong>quia</strong></span> <span class='ocrx_word' id='word_1_226' title='bbox 1039 3151 1115 3216; x_wconf 90' lang='lat' dir='ltr'><strong>iam</strong></span> <span class='ocrx_word' id='word_1_227' title='bbox 1137 3151 1292 3231; x_wconf 89' lang='lat' dir='ltr'><strong>tempus</strong></span> <span class='ocrx_word' id='word_1_228' title='bbox 1313 3150 1353 3214; x_wconf 88' lang='lat' dir='ltr'><strong>in</strong></span> <span class='ocrx_word' id='word_1_229' title='bbox 1373 3148 1546 3231; x_wconf 81' lang='lat' dir='ltr'><strong>proximo</strong></span> 
     </span>
     <span class='ocr_line' id='line_1_29' title="bbox 410 3250 1546 3334; baseline -0.006 -15"><span class='ocrx_word' id='word_1_230' title='bbox 410 3253 485 3319; x_wconf 90' lang='lat' dir='ltr'><strong>est:</strong></span> <span class='ocrx_word' id='word_1_231' title='bbox 519 3253 557 3316; x_wconf 93' lang='lat' dir='ltr'><strong>et</strong></span> <span class='ocrx_word' id='word_1_232' title='bbox 578 3253 616 3317; x_wconf 92' lang='lat' dir='ltr'><strong>hi</strong></span> <span class='ocrx_word' id='word_1_233' title='bbox 639 3252 704 3334; x_wconf 91' lang='lat' dir='ltr'><strong>qui</strong></span> <span class='ocrx_word' id='word_1_234' title='bbox 725 3255 986 3334; x_wconf 83' lang='lat' dir='ltr'><strong>perseueraut</strong></span> <span class='ocrx_word' id='word_1_235' title='bbox 1007 3270 1164 3331; x_wconf 88' lang='lat' dir='ltr'><strong>nocere,</strong></span> <span class='ocrx_word' id='word_1_236' title='bbox 1201 3253 1381 3330; x_wconf 87' lang='lat' dir='ltr'><strong>noceant,</strong></span> <span class='ocrx_word' id='word_1_237' title='bbox 1417 3252 1455 3316; x_wconf 89' lang='lat' dir='ltr'><strong>et</strong></span> <span class='ocrx_word' id='word_1_238' title='bbox 1479 3250 1546 3331; x_wconf 93' lang='lat' dir='ltr'><strong>qui</strong></span> 
     </span>
     <span class='ocr_line' id='line_1_30' title="bbox 409 3353 1548 3434; baseline -0.003 -13"><span class='ocrx_word' id='word_1_239' title='bbox 409 3356 451 3422; x_wconf 89' lang='lat' dir='ltr'><strong>iu</strong></span> <span class='ocrx_word' id='word_1_240' title='bbox 472 3353 658 3420; x_wconf 89' lang='lat' dir='ltr'><strong>sordibus</strong></span> <span class='ocrx_word' id='word_1_241' title='bbox 680 3357 739 3421; x_wconf 92' lang='lat' dir='ltr'><strong>est</strong></span> <span class='ocrx_word' id='word_1_242' title='bbox 760 3353 969 3420; x_wconf 88' lang='lat' dir='ltr'><strong>sordescat</strong></span> <span class='ocrx_word' id='word_1_243' title='bbox 989 3354 1131 3434; x_wconf 89' lang='lat' dir='ltr'><strong>adhuc,</strong></span> <span class='ocrx_word' id='word_1_244' title='bbox 1166 3356 1296 3420; x_wconf 86' lang='lat' dir='ltr'><strong>iustus</strong></span> <span class='ocrx_word' id='word_1_245' title='bbox 1326 3357 1457 3421; x_wconf 89' lang='lat' dir='ltr'><strong>autem</strong></span> <span class='ocrx_word' id='word_1_246' title='bbox 1486 3355 1548 3419; x_wconf 90' lang='lat' dir='ltr'><strong>ad·</strong></span> 
     </span>
    </p>
   </div>
   <div class='ocr_carea' id='block_1_4' title="bbox 511 3575 1065 3646">
    <p class='ocr_par' dir='ltr' id='par_1_4' title="bbox 511 3575 1065 3646">
     <span class='ocr_line' id='line_1_31' title="bbox 511 3575 1065 3646; baseline 0.004 -17"><span class='ocrx_word' id='word_1_247' title='bbox 511 3576 547 3633; x_wconf 71' lang='lat'><strong>21</strong></span> <span class='ocrx_word' id='word_1_248' title='bbox 568 3576 647 3644; x_wconf 84' lang='lat' dir='ltr'><strong>b&#39;oph.</strong></span> <span class='ocrx_word' id='word_1_249' title='bbox 660 3578 686 3641; x_wconf 85' lang='lat'><strong>3,</strong></span> <span class='ocrx_word' id='word_1_250' title='bbox 698 3578 724 3631; x_wconf 84' lang='lat'><strong>8.</strong></span> <span class='ocrx_word' id='word_1_251' title='bbox 776 3577 812 3630; x_wconf 70' lang='lat'><strong>26</strong></span> <span class='ocrx_word' id='word_1_252' title='bbox 829 3576 910 3646; x_wconf 84' lang='lat' dir='ltr'><strong>llpoc</strong></span> <span class='ocrx_word' id='word_1_253' title='bbox 922 3575 1065 3645; x_wconf 79' lang='lat' dir='ltr'><strong>22,10sq.</strong></span> 
     </span>
    </p>
   </div>
   <div class='ocr_carea' id='block_1_5' title="bbox 401 3762 1548 4348">
    <p class='ocr_par' dir='ltr' id='par_1_5' title="bbox 401 3762 1548 4348">
     <span class='ocr_line' id='line_1_32' title="bbox 461 3762 1548 3835; baseline -0.004 -15"><span class='ocrx_word' id='word_1_254' title='bbox 461 3764 644 3820; x_wconf 72' lang='lat' dir='ltr'><strong>ammones</strong></span> <span class='ocrx_word' id='word_1_255' title='bbox 704 3763 901 3835; x_wconf 73' lang='lat' dir='ltr'><strong>euirgibues</strong></span> <span class='ocrx_word' id='word_1_256' title='bbox 963 3762 1302 3818; x_wconf 81' lang='lat' dir='ltr'><strong>inuiduislcastitatem</strong></span> <span class='ocrx_word' id='word_1_257' title='bbox 1313 3778 1364 3818; x_wconf 84' lang='lat' dir='ltr'><strong>om.</strong></span> <span class='ocrx_word' id='word_1_258' title='bbox 1377 3764 1417 3819; x_wconf 88' lang='lat' dir='ltr'><strong><em>W</em></strong></span> <span class='ocrx_word' id='word_1_259' title='bbox 1474 3762 1548 3816; x_wconf 84' lang='lat' dir='ltr'><strong>labo·</strong></span> 
     </span>
     <span class='ocr_line' id='line_1_33' title="bbox 401 3847 1547 3921; baseline 0.003 -23"><span class='ocrx_word' id='word_1_260' title='bbox 401 3849 676 3921; x_wconf 26' lang='lat' dir='ltr'><strong>,rioeam1deeinitS</strong></span> <span class='ocrx_word' id='word_1_261' title='bbox 737 3849 772 3903; x_wconf 78' lang='lat'><strong>13</strong></span> <span class='ocrx_word' id='word_1_262' title='bbox 789 3850 830 3905; x_wconf 84' lang='lat' dir='ltr'><strong>tlli</strong></span> <span class='ocrx_word' id='word_1_263' title='bbox 846 3851 895 3907; x_wconf 79' lang='lat' dir='ltr'><strong>W¹</strong></span> <span class='ocrx_word' id='word_1_264' title='bbox 960 3849 1087 3904; x_wconf 83' lang='lat' dir='ltr'><strong>imitatur</strong></span> <span class='ocrx_word' id='word_1_265' title='bbox 1102 3849 1129 3903; x_wconf 80' lang='grc'><strong>(1</strong></span> <span class='ocrx_word' id='word_1_266' title='bbox 1182 3849 1216 3903; x_wconf 84' lang='grc'><strong>14</strong></span> <span class='ocrx_word' id='word_1_267' title='bbox 1234 3849 1358 3918; x_wconf 77' lang='lat' dir='ltr'><strong>etlsede</strong></span> <span class='ocrx_word' id='word_1_268' title='bbox 1410 3847 1547 3918; x_wconf 83' lang='lat' dir='ltr'><strong>queniam]</strong></span> 
     </span>
     <span class='ocr_line' id='line_1_34' title="bbox 410 3933 1547 4006; baseline -0.003 -17"><span class='ocrx_word' id='word_1_269' title='bbox 410 3935 534 4006; x_wconf 82' lang='lat' dir='ltr'><strong>quamG</strong></span> <span class='ocrx_word' id='word_1_270' title='bbox 584 3934 620 3989; x_wconf 78' lang='lat'><strong>15</strong></span> <span class='ocrx_word' id='word_1_271' title='bbox 636 3934 676 3989; x_wconf 88' lang='lat' dir='ltr'><strong>eis</strong></span> <span class='ocrx_word' id='word_1_272' title='bbox 688 3936 738 4000; x_wconf 86' lang='lat' dir='ltr'><strong>W,</strong></span> <span class='ocrx_word' id='word_1_273' title='bbox 756 3934 801 3989; x_wconf 88' lang='lat' dir='ltr'><strong>his</strong></span> <span class='ocrx_word' id='word_1_274' title='bbox 817 3935 844 3990; x_wconf 82' lang='lat'><em>0</em></span> <span class='ocrx_word' id='word_1_275' title='bbox 903 3933 1101 3989; x_wconf 69' lang='lat' dir='ltr'><strong>emanente</strong></span> <span class='ocrx_word' id='word_1_276' title='bbox 1166 3936 1200 3989; x_wconf 88' lang='grc'><strong>16</strong></span> <span class='ocrx_word' id='word_1_277' title='bbox 1217 3933 1482 3989; x_wconf 81' lang='lat' dir='ltr'><strong>nec...retieendum</strong></span> <span class='ocrx_word' id='word_1_278' title='bbox 1493 3933 1547 4003; x_wconf 84' lang='lat' dir='ltr'><strong>est]</strong></span> 
     </span>
     <span class='ocr_line' id='line_1_35' title="bbox 410 4019 1547 4079; baseline -0.004 0"><span class='ocrx_word' id='word_1_279' title='bbox 410 4039 460 4079; x_wconf 85' lang='lat' dir='ltr'><strong>uec</strong></span> <span class='ocrx_word' id='word_1_280' title='bbox 471 4024 500 4079; x_wconf 90' lang='lat' dir='ltr'><strong>iu</strong></span> <span class='ocrx_word' id='word_1_281' title='bbox 511 4023 590 4078; x_wconf 92' lang='lat' dir='ltr'><strong>illum</strong></span> <span class='ocrx_word' id='word_1_282' title='bbox 602 4023 715 4077; x_wconf 79' lang='lat' dir='ltr'><strong>eatrerni</strong></span> <span class='ocrx_word' id='word_1_283' title='bbox 726 4022 822 4078; x_wconf 87' lang='lat' dir='ltr'><strong>iudicii</strong></span> <span class='ocrx_word' id='word_1_284' title='bbox 834 4020 906 4077; x_wconf 88' lang='lat' dir='ltr'><strong>diem</strong></span> <span class='ocrx_word' id='word_1_285' title='bbox 918 4021 1049 4077; x_wconf 84' lang='lat' dir='ltr'><strong>malorum</strong></span> <span class='ocrx_word' id='word_1_286' title='bbox 1062 4021 1270 4077; x_wconf 85' lang='lat' dir='ltr'><strong>retributionem</strong></span> <span class='ocrx_word' id='word_1_287' title='bbox 1281 4019 1400 4075; x_wconf 71' lang='lat' dir='ltr'><strong>diffenm</strong></span> <span class='ocrx_word' id='word_1_288' title='bbox 1410 4019 1547 4075; x_wconf 80' lang='lat' dir='ltr'><strong>uobiscum</strong></span> 
     </span>
     <span class='ocr_line' id='line_1_36' title="bbox 411 4106 1547 4178; baseline -0.004 -14"><span class='ocrx_word' id='word_1_289' title='bbox 411 4110 505 4165; x_wconf 88' lang='lat' dir='ltr'><strong>hortor</strong></span> <span class='ocrx_word' id='word_1_290' title='bbox 517 4107 628 4163; x_wconf 88' lang='lat' dir='ltr'><strong>interim</strong></span> <span class='ocrx_word' id='word_1_291' title='bbox 640 4108 837 4177; x_wconf 85' lang='lat' dir='ltr'><strong>amplectimini</strong></span> <span class='ocrx_word' id='word_1_292' title='bbox 849 4109 998 4178; x_wconf 85' lang='lat' dir='ltr'><strong>patientiae</strong></span> <span class='ocrx_word' id='word_1_293' title='bbox 1009 4108 1110 4163; x_wconf 88' lang='lat' dir='ltr'><strong>benum</strong></span> <span class='ocrx_word' id='word_1_294' title='bbox 1123 4115 1212 4176; x_wconf 77' lang='lat' dir='ltr'><strong>apost</strong></span> <span class='ocrx_word' id='word_1_295' title='bbox 1225 4108 1386 4163; x_wconf 69' lang='lat' dir='ltr'><strong>Mareotae·</strong></span> <span class='ocrx_word' id='word_1_296' title='bbox 1437 4106 1472 4162; x_wconf 74' lang='lat'><strong>20</strong></span> <span class='ocrx_word' id='word_1_297' title='bbox 1482 4121 1547 4175; x_wconf 87' lang='lat' dir='ltr'><strong>que·</strong></span> 
     </span>
     <span class='ocr_line' id='line_1_37' title="bbox 411 4180 1497 4263; baseline -0.004 -13"><span class='ocrx_word' id='word_1_298' title='bbox 411 4194 686 4250; x_wconf 63' lang='lat' dir='ltr'><strong>mascusium„</strong></span> <span class='ocrx_word' id='word_1_299' title='bbox 737 4194 990 4263; x_wconf 65' lang='lat' dir='ltr'><strong>eupummw</strong></span> <span class='ocrx_word' id='word_1_300' title='bbox 1037 4180 1135 4247; x_wconf 68' lang='lat' dir='ltr'><strong>arus</strong></span> <span class='ocrx_word' id='word_1_301' title='bbox 1152 4193 1322 4250; x_wconf 65' lang='lat' dir='ltr'><strong>aruum</strong></span> <span class='ocrx_word' id='word_1_302' title='bbox 1375 4191 1497 4247; x_wconf 72' lang='lat' dir='ltr'><strong>uremur</strong></span> 
     </span>
     <span class='ocr_line' id='line_1_38' title="bbox 411 4279 1229 4348; baseline -0.004 -12"><span class='ocrx_word' id='word_1_303' title='bbox 411 4282 447 4337; x_wconf 80' lang='lat'><strong>25</strong></span> <span class='ocrx_word' id='word_1_304' title='bbox 465 4281 593 4336; x_wconf 86' lang='lat' dir='ltr'><strong>sustiueri</strong></span> <span class='ocrx_word' id='word_1_305' title='bbox 606 4281 645 4337; x_wconf 89' lang='lat' dir='ltr'><em>W</em></span> <span class='ocrx_word' id='word_1_306' title='bbox 695 4281 731 4336; x_wconf 79' lang='lat'><strong>28</strong></span> <span class='ocrx_word' id='word_1_307' title='bbox 747 4283 776 4335; x_wconf 90' lang='lat' dir='ltr'><strong>ct</strong></span> <span class='ocrx_word' id='word_1_308' title='bbox 786 4280 828 4348; x_wconf 80' lang='lat' dir='ltr'><strong>bil</strong></span> <span class='ocrx_word' id='word_1_309' title='bbox 841 4283 873 4333; x_wconf 90' lang='grc' dir='ltr'><strong>ιι</strong></span> <span class='ocrx_word' id='word_1_310' title='bbox 884 4283 913 4334; x_wconf 87' lang='grc' dir='ltr'><strong>ιι</strong></span> <span class='ocrx_word' id='word_1_311' title='bbox 924 4280 944 4334; x_wconf 91' lang='lat' dir='ltr'><strong>ii</strong></span> <span class='ocrx_word' id='word_1_312' title='bbox 958 4297 987 4346; x_wconf 71' lang='grc' dir='ltr'><strong>ις</strong></span> <span class='ocrx_word' id='word_1_313' title='bbox 1000 4281 1038 4346; x_wconf 74' lang='lat' dir='ltr'><strong>ct.</strong></span> <span class='ocrx_word' id='word_1_314' title='bbox 1052 4285 1112 4337; x_wconf 75' lang='lat' dir='ltr'><strong>teet.</strong></span> <span class='ocrx_word' id='word_1_315' title='bbox 1126 4279 1183 4335; x_wconf 88' lang='grc'><strong>111</strong></span> <span class='ocrx_word' id='word_1_316' title='bbox 1188 4282 1229 4334; x_wconf 73' lang='lat'><strong>23</strong></span> 
     </span>
    </p>
   </div>
   <div class='ocr_carea' id='block_1_6' title="bbox 0 0 2027 5034">
    <p class='ocr_par' dir='ltr' id='par_1_6' title="bbox 0 0 2027 5034">
     <span class='ocr_line' id='line_1_39' title="bbox 0 0 2027 5034; baseline 0 0"><span class='ocrx_word' id='word_1_317' title='bbox 0 0 2027 5034; x_wconf 95' lang='lat' dir='ltr'><strong> </strong></span> 
     </span>
    </p>
   </div>
  </div>
 </body>
</html>
