4009 5034
436 374 503 440 398
824 369 970 426 Caecilii
987 369 1149 440 cypriani

441 543 507 591 uos
530 527 793 611 depraedetur
812 545 881 609 per
901 523 1197 607 philosophiam
1220 526 1260 589 et
1280 523 1434 590 inanem
1456 523 1575 589 lalla-

441 630 539 695 eiam
568 630 778 695 seeundum
810 628 1075 696 traditionem
1106 625 1319 707 hominnm,
1353 627 1572 693 secundnm

440 734 635 798 elementa
666 732 801 797 mundi
831 735 871 798 et
897 750 970 797 nun
992 731 1202 797 secundum
1232 729 1451 807 Christum,
1484 730 1576 812 quia

440 836 479 900 in
503 835 588 917 ipse
610 834 765 901 habitat
785 835 907 901 omnis
941 834 1146 918 plenitudo
1173 832 1415 898 diuinitatis.
1450 834 1483 897 et
1512 831 1574 898 alie

439 938 524 1015 loeo,
558 955 666 1003 neme
690 956 746 1015 se,
774 938 892 1021 inquit,
915 936 1104 1019 decipiat.
1137 936 1170 1000 si
1192 935 1258 1017 qui
1280 936 1401 1016 putat
1422 935 1574 1018 sapien·
1598 960 1610 997 s

440 1041 517 1105 tem
549 1057 587 1106 se
620 1058 704 1106 esse
737 1040 776 1105 in
811 1039 937 1118 uobis,
975 1038 1115 1105 munde
1136 1037 1229 1103 huie
1251 1037 1406 1104 stultus
1433 1035 1511 1104 liat
1532 1040 1575 1102 ut

440 1142 519 1207 fiat
541 1142 704 1226 sapiens.
739 1142 938 1225 sapientia
959 1143 1059 1207 enim
1090 1140 1208 1206 huius
1230 1140 1361 1205 mundi
1390 1140 1576 1206 stultitia

441 1247 500 1309 est
530 1246 623 1327 aput
650 1245 780 1310 Deum.
812 1244 1007 1324 seriptum
1041 1245 1101 1308 est
1134 1242 1251 1308 enim:
1289 1243 1576 1324 reprehendens

441 1348 641 1428 sapientes
675 1347 715 1412 in
747 1347 906 1412 astutia
937 1346 1122 1428 ipserum.
1160 1346 1347 1410 etiterum:
1381 1346 1576 1428 cognonit

441 1450 542 1514 Deus
580 1448 849 1532 cogitationes
888 1447 1125 1530 sapientium
1162 1448 1255 1528 quia
1289 1450 1380 1511 sunt
1412 1447 1612 1514 stultaere

442 1569 536 1632 quare
551 1551 579 1615 si
594 1550 747 1632 sapientia
761 1549 829 1616 illic
843 1568 917 1614 uera
931 1568 992 1614 non
1007 1551 1075 1628 est,
1098 1567 1165 1615 esse
1185 1568 1244 1614 non
1267 1549 1370 1633 potest
1384 1551 1417 1613 et
1432 1567 1506 1614 uera
1520 1567 1577 1630 pu·

440 1653 561 1717 tientia.
585 1672 658 1717 nam
681 1653 707 1717 si
730 1653 852 1735 patiens
876 1652 931 1716 ille
953 1656 1002 1717 est
1017 1651 1071 1733 qui
1087 1652 1135 1716 est
1149 1649 1280 1716 humilis
1295 1652 1328 1716 et
1342 1650 1448 1728 mitis,
1472 1650 1576 1734 phile-

442 1754 552 1835 sephos
568 1756 673 1819 autem
689 1773 745 1819 nee
759 1755 894 1819 humiles
910 1754 1053 1820 uidemus
1068 1772 1134 1818 esse
1151 1772 1208 1818 nec
1222 1753 1316 1817 mites
1331 1753 1385 1817 sed
1408 1752 1468 1816 sibi
1492 1754 1577 1818 mul·

441 1862 510 1921 tum
533 1856 690 1938 placentes
712 1858 744 1921 et
765 1856 824 1920 hoc
845 1856 913 1938 ipsu
935 1856 1018 1936 quod
1041 1855 1101 1919 sibi
1125 1855 1268 1938 placeant
1281 1855 1348 1920 Deo
1363 1854 1574 1938 displicentes,

440 1963 571 2043 apparet
594 1959 662 2023 illic
688 1976 747 2024 nen
773 1977 839 2023 esse
864 1958 1067 2040 patientiam,
1091 1956 1144 2021 ubi
1174 1956 1218 2021 eit
1243 1957 1379 2021 insolens
1401 1956 1610 2022 adfectataen

440 2063 597 2127 libertatis
627 2062 758 2127 audacia
786 2064 819 2125 et
848 2060 945 2125 exerti
973 2079 1010 2126 ac
1032 2058 1187 2125 seminudi
1213 2059 1345 2140 pecteris
1371 2059 1577 2125 inuerecunda

441 2164 601 2230 iaetantia.

408 2269 427 2332 3
484 2267 549 2332 Nes
564 2271 685 2345 autem,
702 2267 813 2334 fratres
829 2266 1044 2344 dilectissimi,
1065 2266 1119 2348 qui
1134 2262 1309 2348 philosophi
1325 2282 1385 2330 nen
1401 2264 1505 2329 uerbis
1520 2266 1574 2330 sed

442 2369 672 2446 laetissumis,
695 2388 752 2434 nee
766 2370 885 2434 uestitu
911 2369 1098 2451 sapientium
1124 2367 1179 2433 sed
1205 2369 1339 2433 ueritate
1361 2366 1574 2451 praelerimus,

440 2472 495 2554 qui
511 2471 666 2536 uirtutum
682 2472 903 2537 conscientiam
918 2472 1022 2555 magis
1037 2488 1130 2552 quam
1146 2470 1329 2535 iactantiam
1344 2472 1501 2548 nouimus,
1519 2471 1573 2553 qui
1585 2491 1611 2531 ro

440 2591 501 2638 nen
515 2574 674 2655 loquimur
689 2592 804 2656 magna
818 2574 872 2639 sed
886 2573 1041 2651 uiuimus,
1073 2573 1162 2655 quasi
1186 2573 1269 2637 serui
1295 2577 1328 2638 et
1355 2574 1489 2638 cultores
1515 2574 1575 2638 Dei

440 2674 627 2756 patientiam
642 2693 738 2756 quam
752 2675 944 2760 magisteriis
959 2675 1145 2741 caelestibus
1159 2675 1310 2741 discimus
1325 2674 1483 2757 obsequiis
1505 2675 1571 2757 spi-

440 2775 587 2842 uitalibus
608 2775 820 2857 praebeamus.
855 2778 903 2842 est
925 2778 1009 2844 enim
1024 2778 1113 2843 nobis
1128 2797 1198 2843 cum
1215 2778 1280 2844 Dee
1294 2778 1397 2843 uirtus
1412 2779 1475 2843 ista
1489 2796 1575 2842 com-

440 2878 554 2942 munis.
578 2877 653 2942 inde
663 2879 817 2962 patientia
828 2879 955 2962 incipit,
971 2879 1043 2944 inde
1058 2880 1185 2945 claritas
1199 2881 1267 2944 eius
1282 2879 1314 2945 et
1329 2879 1466 2963 dignitas
1482 2879 1576 2960 eaput

442 2980 548 3045 sumit.
571 2980 658 3063 erige
674 2982 705 3045 et
722 2980 906 3064 magnitude
920 2981 1092 3063 patientiae
1105 2982 1171 3047 Dee
1187 2982 1313 3047 auctore
1326 2980 1476 3063 precedit.
1500 2980 1576 3045 dili·
1586 3013 1611 3053 es

443 3081 543 3166 genda
556 3102 606 3147 res
622 3081 740 3148 homini
757 3102 835 3165 quae
850 3085 915 3149 Dee
929 3103 1002 3149 eura
1017 3087 1081 3148 est:
1097 3083 1213 3149 benum
1228 3084 1310 3167 quud
1325 3086 1412 3149 amat
1425 3083 1576 3149 maiestas

442 3184 550 3249 diuina
572 3185 779 3251 commendat.
802 3187 828 3251 si
852 3186 996 3252 dominus
1019 3186 1108 3252 nubis
1130 3188 1163 3252 et
1182 3187 1272 3271 pater
1285 3187 1370 3252 Deus
1386 3188 1452 3264 est,
1475 3189 1576 3252 secte·

546 3369 804 3439 areaatad.

493 3543 510 3595 l
528 3541 667 3595 inhabitat
679 3542 746 3597 W'v
797 3543 888 3612 dquis
905 3541 948 3597 Gr
1000 3558 1029 3596 se
1040 3546 1098 3612 put
1111 3543 1259 3614 sapientem
1277 3543 1320 3599 Ge
1372 3543 1465 3598 thule
1479 3544 1577 3598 munde

446 3627 470 3681 d
523 3627 538 3679 7
557 3627 615 3697 llat]
629 3627 667 3680 sit
683 3626 725 3682 Ge
786 3628 879 3682 mundi
892 3627 1001 3684 huiusv
1062 3629 1080 3683 8
1097 3628 1271 3699 reprehendes
1288 3628 1328 3693 0,
1339 3628 1531 3698 reprehendam
1543 3648 1560 3685 a
1565 3649 1576 3696 ‚-

441 3714 477 3780 σί.
489 3719 548 3769 test.
559 3715 615 3770 111
621 3717 691 3783 esp.
696 3716 750 3768 1⁷0
793 3714 828 3768 10
838 3700 1136 3780 daWGV,deminuse
1180 3714 1318 3769 hominurn
1331 3713 1529 3784 sapientiumV

442 3801 474 3853 11
487 3801 587 3868 quare?
599 3800 623 3854 ei
639 3800 675 3855 W
733 3802 766 3855 12
777 3800 895 3869 patiens]
908 3800 1016 3870 sapiens
1027 3818 1045 3854 v
1107 3804 1150 3855 cet
1161 3803 1191 3854 et
1201 3800 1313 3855 humilis
1325 3802 1420 3855 aas»
1475 3801 1508 3855 13
1519 3817 1577 3854 esse

441 3883 564 3940 uidemus
577 3886 615 3941 W
665 3884 795 3956 multum]
807 3888 916 3940 tanturn
926 3885 953 3940 V
997 3887 1031 3941 15
1042 3885 1106 3955 nun]
1120 3900 1210 3940 ueram
1222 3901 1274 3941 nun
1285 3903 1303 3940 e
1355 3886 1389 3940 19
1400 3884 1468 3941 lenti
1484 3885 1522 3940 0¹

441 3987 491 4026 nee
502 3987 554 4025 non
572 3971 670 4025 habitu
687 3971 851 4041 sapientiam
868 3969 915 4026 sed
931 3975 1022 4026 mente
1039 3971 1228 4041 praeferimus,
1246 3987 1299 4027 nun
1317 3971 1467 4041 eloquimur
1478 3987 1578 4042 magna

441 4055 488 4110 sed
500 4056 620 4113 uiuimus
632 4057 780 4113 Minuciae
788 4057 873 4112 Felix
888 4056 1069 4121 dransae
1137 4057 1169 4112 21
1190 4059 1268 4127 quasi
1278 4059 1322 4122 W,
1335 4073 1390 4128 qua
1404 4056 1441 4121 V,
1454 4061 1486 4112 ut
1502 4057 1527 4112 6

438 4147 502 4211 pest
514 4142 557 4197 dei
566 4148 675 4212 panem
686 4143 818 4198 Minuit
824 4143 961 4198 &mus
1012 4143 1047 4197 23
1064 4146 1108 4197 est
1119 4142 1203 4211 enim]
1215 4144 1252 4211 ef.
1264 4145 1382 4213 rupae
1394 4149 1494 4199 centra
1506 4143 1579 4198 draus

442 4229 520 4296 epia.
535 4229 593 4283 Pel.
607 4228 658 4293 IV,
672 4233 698 4293 9,
709 4232 745 4284 25
796 4229 832 4284 26
849 4245 880 4285 ae
892 4227 992 4284 benum
1007 4229 1041 4280 W
