4009 5034
424 345 489 410 352
824 339 973 396 Caecilii
991 338 1152 408 Cypriani

422 496 560 564 concitos
574 496 688 563 fluctus
702 495 890 562 clamoribus
910 493 1076 561 retundere
1090 512 1185 577 quam
1199 495 1289 558 tuam
1303 489 1422 556 rabiem
1436 485 1555 551 tincta·

420 600 507 666 tibus
522 616 669 666 coercere.
694 600 777 664 certe
803 601 836 663 et
859 596 948 664 labor
971 596 1086 662 inritus
1112 599 1145 664 et
1171 597 1280 662 nullus
1301 586 1551 659 effectusoderre

418 703 525 769 lumen
541 720 645 780 caeco,
667 718 840 767 sermonem
854 700 962 779 surdo,
984 700 1174 783 sapientiam
1189 700 1301 774 bruto,
1325 714 1398 761 cum
1411 710 1467 759 nec
1480 708 1552 755 sen·

418 805 480 871 tire
504 804 618 870 brutus
633 803 733 886 possit
747 820 802 868 nec
816 820 923 868 caecus
937 802 1044 891 lumen
1058 802 1225 867 admittere
1238 817 1295 866 nac
1309 797 1422 864 surdus
1433 792 1550 860 audire.

388 923 408 985 ι
461 906 549 973 Haec
564 906 761 974 considerans
775 924 865 988 saepe
879 905 1013 971 conticui
1029 906 1062 971 et
1075 905 1281 988 inpatientem
1302 899 1456 985 patientia
1476 897 1552 967 uici.
1574 919 1587 959 s

418 1026 489 1073 cnm
504 1027 562 1074 nec
588 1008 696 1073 docere
721 1007 888 1074 indocilem
908 1025 1031 1089 possem
1053 1025 1110 1072 uec
1131 1008 1267 1088 impium
1291 1006 1441 1090 religione
1466 1021 1552 1068 conr-

416 1109 552 1195 primere
577 1129 633 1177 uec
660 1110 815 1178 furentem
838 1110 968 1177 lenitate
996 1109 1147 1177 cohibere.
1182 1109 1236 1175 sed
1263 1109 1346 1175 cuim
1369 1127 1443 1174 cum
1466 1107 1553 1173 dices

416 1211 567 1294 plurimos
593 1214 738 1296 conqueri
764 1214 796 1278 et
821 1211 903 1296 quod
927 1211 1012 1278 bellu
1037 1211 1176 1277 crebrius
1198 1212 1343 1296 surgant,
1366 1210 1447 1292 quod
1472 1210 1551 1285 lues,

416 1312 499 1397 quod
513 1312 613 1382 fames
628 1315 784 1393 aceniam,
807 1315 949 1398 quodque
974 1313 1091 1378 imbros
1117 1315 1150 1378 et
1175 1313 1300 1395 pluuias
1326 1330 1433 1377 serena
1458 1312 1553 1397 longa

416 1417 606 1501 suspendant
619 1417 709 1483 nobis
722 1418 888 1500 imputari,
911 1418 1013 1484 tacere
1027 1416 1113 1482 ultra
1127 1433 1188 1481 non
1201 1416 1337 1497 oportet,
1360 1434 1398 1481 ne
1411 1417 1476 1481 iam
1491 1434 1551 1481 non
1561 1437 1587 1477 u

416 1519 635 1597 uerecundiae,
656 1520 712 1586 sed
726 1519 918 1586 diffidentiae
931 1537 997 1584 esse
1011 1518 1143 1600 incipiat
1156 1517 1239 1600 qnod
1253 1520 1407 1595 tacemus,
1428 1519 1462 1583 et
1474 1519 1551 1584 dum

416 1621 647 1688 criminationes
676 1621 771 1688 dulsos
800 1622 1026 1689 contemnimus
1056 1620 1206 1700 refutare,
1241 1621 1403 1687 uideamur
1432 1622 1550 1688 crimen

415 1741 588 1809 agnoscere.
623 1726 791 1808 respondeo
819 1725 918 1809 igitur
946 1725 979 1788 et
1003 1724 1083 1801 tibi,
1124 1724 1340 1801 Demetriane,
1373 1724 1488 1806 puriter
1517 1729 1550 1790 et

415 1826 526 1892 ceteris
547 1844 625 1910 quos
644 1828 681 1893 tu
696 1826 826 1893 forsitan
841 1826 1002 1893 concitasti
1017 1827 1050 1893 et
1064 1826 1231 1893 aduersum
1245 1843 1300 1892 uos
1314 1826 1386 1891 odia
1401 1826 1466 1892 tuis
1481 1846 1546 1893 me·

414 1927 524 1993 lodicis
538 1929 667 1995 uocibus
681 1929 861 1994 seminando
874 1928 1003 1994 comites
1018 1927 1079 1992 tibi
1101 1929 1206 2010 plures
1225 1928 1338 1993 radicis
1361 1929 1462 2010 adque
1485 1930 1548 1993 ori·
1558 1936 1583 1975 ¹⁵

413 2030 498 2114 ginis
513 2031 562 2095 tui
576 2030 782 2114 pullulatione
796 2029 916 2096 iecisti:
938 2047 1016 2113 quos
1030 2031 1136 2096 tumen
1151 2031 1301 2095 sermonis
1316 2031 1414 2095 nostri
1429 2030 1547 2095 admit·

413 2133 480 2197 tere
500 2133 590 2198 credo
611 2134 772 2200 rationem.
795 2152 869 2198 nam
894 2133 947 2215 qui
973 2134 1014 2198 ad
1040 2134 1160 2197 malum
1187 2136 1292 2198 motus
1317 2136 1365 2195 est
1389 2133 1548 2197 mendacio

414 2232 543 2299 fallente
557 2235 660 2300 multo
674 2236 776 2320 magis
791 2235 832 2300 ad
845 2235 963 2300 bouum
976 2235 1156 2300 monebitur
1170 2236 1313 2301 ueritate.

383 2338 403 2400 2
455 2336 573 2402 Dixisti
586 2355 641 2421 per
655 2354 711 2401 nos
725 2336 792 2401 lieri
807 2338 839 2401 et
853 2335 935 2417 quod
949 2336 1039 2400 nobis
1054 2337 1188 2402 debeant
1202 2337 1339 2418 inputari
1362 2336 1466 2401 omnia
1485 2337 1547 2402 istu

413 2440 526 2522 quibus
551 2458 633 2504 nunc
661 2439 797 2503 mundus
821 2438 962 2521 quatitur
986 2440 1019 2502 et
1044 2440 1212 2523 urguetur,
1235 2439 1317 2521 quod
1339 2438 1384 2503 dii
1407 2439 1504 2503 uestri
1527 2443 1582 2505 a³⁰

411 2541 501 2606 nobis
522 2557 583 2605 uon
605 2539 754 2606 colantur.
777 2558 839 2622 qua
857 2540 891 2604 in
910 2539 999 2620 parte
1013 2540 1067 2622 qui
1082 2540 1210 2624 ignarus
1224 2542 1349 2605 diumac
1363 2541 1547 2625 cognitionis

412 2643 446 2708 et
469 2641 614 2707 ueritatis
638 2641 759 2707 ebenus
783 2659 816 2705 es
842 2640 922 2705 illud
945 2641 1046 2723 primo
1073 2641 1105 2707 in
1127 2643 1194 2708 leco
1208 2643 1287 2708 scire
1301 2643 1393 2709 debes
1408 2645 1546 2717 senuisse

412 2744 476 2809 iem
491 2744 666 2823 saeculum,
688 2763 748 2810 uon
772 2743 837 2809 illis
859 2744 980 2809 uiribus
1002 2746 1086 2810 stare
1108 2745 1221 2827 quibus
1243 2748 1330 2830 prius
1344 2750 1475 2815 steterat
1489 2772 1545 2818 nee

411 2847 520 2931 uigore
545 2849 577 2912 et
598 2846 707 2912 robore
731 2846 799 2929 ipso
824 2845 928 2911 ualere
952 2863 1012 2928 quo
1027 2848 1121 2911 autea
1134 2848 1344 2928 preeualebat.
1367 2851 1424 2916 boc
1449 2855 1544 2921 etism

411 2948 501 3013 nobis
515 2947 692 3014 tacentibus
707 2950 740 3013 et
753 2948 840 3013 nulla
851 2947 889 3014 de
900 2948 1063 3030 scripturis
1075 2949 1192 3013 sancus
1202 2950 1544 3040 praedicationibusque
1554 2963 1579 3005 ’ὅ

411 3050 527 3117 diuinis
549 3050 736 3117 documenta
754 3050 967 3133 promentibus
981 3050 1117 3117 mundus
1132 3051 1198 3133 ipse
1213 3052 1277 3117 iam
1292 3053 1432 3135 loquitur
1445 3060 1479 3123 et
1492 3076 1544 3126 oc·

411 3172 518 3220 casnm
532 3153 581 3219 sni
596 3172 701 3219 rerum
715 3151 890 3219 lubentium
911 3153 1092 3234 probatione
1114 3155 1259 3219 testetur.
1280 3173 1340 3221 uon
1362 3156 1464 3224 hieme
1486 3180 1545 3227 nu-

410 3255 541 3322 triendis
555 3254 727 3322 seminibus
742 3256 832 3322 tante
846 3256 997 3321 imbrium
1012 3255 1101 3340 copie
1115 3257 1179 3333 est,
1193 3274 1254 3323 non
1269 3256 1412 3344 frugibus
1426 3264 1544 3330 esstote

463 3510 477 3562 1
495 3507 591 3563 fluctos
603 3508 643 3563 R·
716 3508 863 3564 indoctus
875 3508 925 3564 W¹
999 3508 1091 3563 afferre
1106 3511 1145 3565 W
1212 3512 1231 3565 4
1247 3515 1337 3580 posset
1351 3514 1429 3568 W¹B
1444 3515 1542 3584 (possit

409 3594 506 3649 brutus
517 3594 564 3661 Μ)
633 3593 815 3665 inmundum]
829 3594 968 3649 uidereris
1032 3595 1051 3647 b
1067 3594 1228 3664 patientiam
1240 3596 1321 3651 M¹R
1397 3602 1415 3652 6
1432 3602 1543 3669 compri-

409 3695 509 3735 merem
519 3708 551 3720 -
562 3679 714 3735 cohiberem
730 3681 769 3735 W
842 3682 861 3734 8
878 3683 906 3735 et
916 3695 966 3735 oua
979 3682 1033 3736 Mo
1092 3680 1110 3734 9
1127 3680 1236 3735 ueniunt
1250 3682 1290 3737 W
1340 3688 1431 3752 quotq,
1444 3684 1543 3739 imbres

409 3765 452 3830 B,
469 3762 568 3819 imbres
580 3780 685 3835 quoque
698 3767 736 3821 Μ
802 3765 912 3836 pluuias
924 3766 963 3820 Μ
1042 3765 1076 3819 12
1092 3764 1220 3835 remum]
1232 3768 1359 3836 reputure
1370 3776 1541 3838 expunctum

407 3851 441 3906 ier
452 3851 483 3908 R
535 3852 570 3905 14
586 3851 712 3906 forsitam
725 3852 753 3906 Β
815 3852 882 3922 tuis]
895 3850 951 3906 anis
964 3851 993 3907 Β
1057 3851 1091 3904 lb
1106 3850 1210 3906 radices
1221 3853 1250 3907 R
1312 3852 1407 3923 adque]
1419 3855 1496 3911 etur

407 3937 442 3992 16
459 3937 763 4007 tuiM,tnseWRBc,·
776 3936 1173 4005 efidwctdcrucrlolwb
1236 3938 1269 3991 11
1287 3938 1433 3994 ratioucR
1496 3941 1543 4009 qni

407 4021 443 4077 sd
456 4022 695 4093 cummopere
756 4023 790 4078 18
806 4023 987 4078 fallentemR
1068 4024 1186 4078 ueritate
1196 4027 1337 4092 cogentes
1410 4027 1444 4079 19
1461 4029 1491 4078 ct
1505 4027 1545 4081 W

406 4109 529 4165 clm
590 4109 626 4163 21
643 4109 690 4178 qni
703 4108 766 4173 SR,
784 4108 849 4178 qnia
864 4126 894 4171 c,
911 4109 1141 4178 qniaicexquisi
1155 4109 1267 4165 Wnu2
1317 4111 1353 4165 23
1369 4111 1546 4176 sacculumS,

407 4194 536 4252 mnndum
551 4195 634 4251 WRc
701 4194 739 4251 24
754 4194 891 4267 ipeoleoo
959 4198 1023 4251 aute
1038 4195 1105 4253 WB
1173 4194 1464 4268 sopmdioeuonibur
1475 4214 1545 4269 quae

408 4285 459 4341 SR
509 4283 737 4339 idiaruuonW¹
795 4283 829 4336 2'1
848 4282 1104 4339 amanevus
