4009 5034
415 375 480 439 400
806 370 953 426 Caecilii
972 369 1137 438 Cypriani

416 526 653 608 patientiam
675 524 891 592 contemnis
920 524 1103 609 ignorans
1131 524 1312 607 quoniam
1343 523 1548 607 patientie

415 634 455 695 ει
489 629 644 694 bouitas
681 627 751 692 Dei
788 625 833 692 ad
870 627 1157 709 paenitentiam
1199 626 1239 691 te
1275 626 1466 692 adducit?
1503 630 1547 691 ιιι

415 735 543 798 autem
565 730 776 797 secundum
801 728 997 795 duritiam
1020 730 1125 794 tuam
1148 730 1185 793 et
1206 747 1270 794 cor
1292 728 1548 810 inpaenitens

415 833 658 899 thesaurizas
692 832 768 897 tibi
800 832 898 896 iram
930 831 967 896 in
1000 831 1062 896 die
1095 831 1176 896 irae
1206 835 1244 896 et
1277 830 1547 897 reuelationis

416 937 515 1001 iusti
536 936 682 1001 iudicii
716 936 791 1000 Dei
823 934 889 1018 qui
921 933 1064 998 reddet
1094 934 1308 1017 unicuique
1330 934 1583 1000 seeundumo

416 1057 530 1121 opera
552 1057 629 1105 sua.
665 1038 785 1103 iustum
811 1037 963 1102 iudicium
989 1035 1049 1101 Dei
1073 1035 1154 1101 dixit
1177 1054 1260 1113 esse,
1282 1037 1474 1119 quiasernm
1489 1038 1547 1114 est,

416 1143 489 1223 quia
503 1141 558 1206 diu
573 1142 772 1222 multumque
787 1140 933 1205 differtur
946 1141 983 1203 nt
998 1137 1118 1203 homini
1134 1139 1174 1203 ad
1189 1140 1290 1204 uitam
1305 1140 1399 1223 longa
1414 1138 1473 1203 Dei
1488 1157 1545 1221 pa-

415 1243 528 1308 tientia
543 1243 729 1308 consulatur.
754 1244 830 1307 tune
844 1241 1096 1325 repraesentatur
1110 1259 1208 1324 poena
1222 1241 1320 1325 impio
1335 1243 1368 1306 et
1382 1240 1547 1322 peccatori,

416 1345 538 1427 quando
553 1345 617 1409 iam
632 1364 692 1410 non
708 1345 811 1426 potest
825 1343 1018 1425 paenitentia
1031 1344 1177 1427 prodesse
1191 1344 1319 1424 peccati.

388 1462 405 1519 ⁵
460 1446 570 1528 Adque
596 1449 632 1510 ut
657 1444 780 1526 plenius
807 1444 988 1527 intellegere
1013 1445 1184 1527 possimus,
1207 1447 1319 1510 fratres
1340 1445 1547 1522 dilectissimi,
1560 1471 1586 1509 ιο

416 1547 490 1630 quia
511 1546 662 1629 patientia
683 1546 742 1611 Dei
765 1565 814 1611 res
837 1549 886 1611 est
900 1551 933 1611 et
947 1547 1078 1628 quisque
1092 1547 1172 1611 lenis
1194 1548 1317 1629 patiens
1337 1549 1370 1612 et
1395 1547 1485 1612 mitis
1500 1550 1549 1613 ost

417 1651 475 1716 Dei
489 1650 589 1732 patris
604 1649 747 1713 imitator
762 1651 825 1724 est,
855 1668 924 1714 oum
953 1649 985 1713 in
1011 1649 1172 1732 euangelio
1197 1667 1252 1715 sno
1278 1650 1431 1714 Dominus
1456 1669 1548 1733 prae·

417 1755 506 1834 cepta
521 1752 554 1816 in
569 1751 703 1816 salutem
719 1750 810 1815 duret
823 1753 856 1814 et
870 1750 979 1815 diuina
994 1751 1114 1816 monita
1127 1751 1307 1833 depromens
1322 1752 1362 1816 ad
1376 1751 1548 1834 perfeetum

418 1854 585 1937 discipulos
601 1854 754 1928 erudiret,
790 1853 895 1934 posuit
910 1855 942 1917 et
957 1853 1054 1918 dixit:
1088 1853 1261 1918 audistis
1283 1854 1376 1935 quia
1398 1854 1549 1919 dietum

418 1961 492 2023 est:
526 1957 674 2039 diliges
697 1954 913 2037 proximum
936 1955 1016 2020 tibi
1039 1956 1077 2020 et
1106 1957 1192 2020 odio
1220 1955 1387 2020 habebis
1416 1955 1587 2020 inimi-re

418 2079 501 2123 cunr
525 2058 609 2122 tibi.
645 2076 714 2141 ego
737 2059 866 2122 autem
900 2057 986 2121 dico
1020 2056 1151 2121 uobis:
1186 2057 1347 2140 diligite
1369 2056 1551 2121 inimicos

419 2163 573 2225 uestros
607 2161 642 2224 ει
675 2160 789 2224 orate
822 2176 890 2240 pro
922 2159 981 2224 eis
1015 2163 1080 2241 qui
1112 2176 1178 2223 uos
1200 2161 1470 2241 persecuntur,
1507 2160 1553 2223 ιιι

418 2264 511 2329 sitis
535 2262 618 2326 lilii
641 2259 772 2343 patris
793 2261 921 2325 uestri
945 2260 1010 2342 qui
1033 2261 1219 2326 incaelis
1242 2265 1319 2338 est,
1343 2263 1407 2344 qui
1430 2263 1553 2328 solem

418 2384 526 2429 suurn
549 2363 644 2429 oriri
668 2362 768 2428 facit
789 2381 905 2445 super
928 2363 1052 2429 bonos
1075 2366 1113 2429 et
1134 2364 1256 2429 malos
1286 2367 1324 2429 ει
1354 2363 1464 2446 pluit
1492 2382 1552 2429 su·

417 2487 485 2551 per
517 2467 644 2532 iustos
677 2468 714 2530 ει
748 2466 931 2531 iniustos.
965 2467 998 2532 si
1021 2468 1119 2532 enirn
1142 2466 1378 2532 dilexeritis
1401 2484 1463 2532 eos
1486 2466 1591 2548 quino

419 2588 486 2634 uos
508 2569 698 2652 diligunt,
734 2587 847 2649 quarn
869 2570 1083 2635 mercedem
1106 2570 1331 2635 habebitis?
1367 2587 1491 2633 nonne
1514 2571 1553 2634 et

420 2670 623 2753 publicani
645 2670 707 2734 sic
729 2670 912 2735 faciunt?
945 2673 983 2735 ει
1016 2672 1050 2735 si
1083 2671 1364 2736 salutaueritis
1397 2670 1553 2735 fratres

419 2775 575 2838 uestros
608 2777 782 2850 tantum,
825 2774 918 2857 qnid
953 2776 1123 2858 amplius
1158 2776 1319 2842 facitis?
1358 2793 1481 2840 nonne
1514 2779 1555 2839 et

419 2875 574 2940 ethnici
609 2877 647 2941 id
681 2877 808 2957 ipsum
842 2876 1022 2942 faciunt?
1057 2878 1174 2942 eritis
1205 2878 1339 2959 itaque
1371 2895 1439 2943 uos
1472 2895 1556 2960 per-

420 2977 531 3050 fecti,
556 2978 741 3058 quomodo
763 2983 876 3062 pater
897 2984 1030 3044 uester
1051 2980 1238 3045 caelestis
1260 2980 1461 3060 perfectus
1484 2982 1590 3046 estas

419 3080 464 3142 sic
478 3079 630 3161 perfectos
653 3080 733 3144 dixit
758 3081 826 3145 lieri
852 3082 910 3146 Dei
937 3081 1034 3158 filios,
1058 3083 1103 3146 sic
1129 3083 1336 3147 consummari
1361 3081 1497 3146 ostendit
1523 3083 1556 3146 et

421 3181 527 3245 docuit
550 3182 674 3246 caelesti
697 3182 869 3247 natiuitate
884 3185 1060 3265 reparatos,
1084 3185 1111 3248 si
1128 3186 1279 3266 patientia
1295 3184 1354 3249 Dei
1370 3184 1471 3267 patris
1486 3204 1556 3249 ma·

524 3368 557 3420 14
575 3367 674 3421 naun.
688 3368 712 3430 n,
725 3369 761 3420 ot
775 3384 813 3435 oq.

476 3538 680 3608 loondcmpnis
695 3538 722 3593 G
777 3541 886 3608 ignoras
902 3540 927 3592 G
978 3541 1154 3608 :tpaonitens
1169 3542 1206 3594 W
1255 3540 1403 3594 ddieml'
1462 3539 1558 3593 bred-

420 3624 463 3678 dit
480 3624 506 3678 G
568 3624 669 3692 dquia
680 3628 885 3679 eernmeetoor.
903 3625 929 3679 G
1002 3625 1155 3680 ldifertur
1169 3627 1194 3679 G
1265 3625 1454 3679 doonsolatur
1469 3625 1506 3679 W

418 3709 825 3780 tlpeocatiWV,peocantiGo
872 3709 1506 3780 10poesimueexpoeeeWns2,possomusG

420 3797 452 3848 ll
470 3796 524 3864 ros]
545 3795 614 3849 lenis
634 3795 721 3849 cridia
740 3794 960 3849 Daueratru'cma‘o
1055 3796 1168 3864 quisque
1184 3798 1207 3848 G
1227 3813 1262 3849 arr.
1279 3799 1300 3848 2
1316 3795 1382 3849 add
1404 3798 1438 3850 isa
1457 3813 1559 3866 maro,

420 3880 570 3949 quisquiso
662 3878 799 3935 mlenie
815 3880 841 3934 G
927 3881 1116 3950 etpatienso‚
1129 3880 1302 3950 pecienterG
1373 3881 1473 3935 15tibi
1486 3881 1559 3936 W,

421 3971 498 4021 tuam
514 3966 554 4034 G,·
572 3967 666 4021 omi
680 3970 717 4021 16
779 3965 1061 4036 odiohabebislodiee
1076 3967 1117 4034 V‚·
1134 3969 1171 4034 cs.
1185 3966 1459 4021 dcaelooeliaorec
1474 3971 1508 4021 15

422 4056 454 4106 18
465 4052 628 4121 „panno
681 4052 716 4105 ‘21
729 4051 837 4105 habetis
850 4052 890 4105 W
943 4052 1030 4106 waic
1041 4055 1069 4106 ει
1077 4051 1215 4122 publicani
1223 4068 1249 4116 a,
1260 4055 1289 4106 ct
1297 4052 1337 4106 sio
1345 4070 1370 4121 p.
1385 4053 1411 4104 V
1469 4053 1560 4109 2352·

420 4138 527 4194 cictieo
596 4140 685 4191 otone
703 4137 730 4191 G
804 4138 840 4191 24
857 4138 1057 4200 eritiuWGV,
1075 4143 1190 4193 esteten
1258 4139 1294 4193 25
1310 4138 1558 4208 quomodoWGV,

422 4245 494 4297 sicut
505 4262 522 4296 r
