4009 5034
689 365 734 419 Dc
752 381 852 435 opere
869 368 903 420 ct
920 365 1147 436 eleemosynis
1165 383 1187 422 c.
1207 367 1318 423 16-16
1505 372 1567 439 387

431 517 490 582 ris
511 535 588 583 non
610 516 783 586 deficiet
804 519 845 585 et
866 537 1050 602 capsaces
1072 521 1149 587 olei
1178 539 1251 589 non
1273 521 1428 589 minuet
1450 541 1570 606 usque

432 621 695 704 indiamque
718 621 832 687 dabit
852 623 1044 690 Dominus
1073 624 1241 690 imbrem
1270 643 1385 709 super
1411 625 1568 691 terram.

433 724 604 790 secundum
619 725 744 790 diuinae
758 725 996 808 pollicitationis
1012 726 1106 792 iidem
1121 728 1336 810 multiplicata
1357 733 1431 793 sunt
1452 728 1568 795 uiduae

434 828 467 893 et
481 827 641 892 cumulata
654 845 734 909 qnae
759 827 921 910 praestitit
946 830 979 894 et
1003 829 1149 912 operibns
1175 831 1269 895 iustis
1289 848 1326 895 ac
1339 830 1570 897 misericordiae

399 940 411 979 ⁵
434 929 557 996 meritis
582 933 753 1015 augmenta
778 932 812 997 et
835 931 1028 998 incrementa
1052 933 1249 1000 sumentibus
1264 934 1357 999 farris
1372 935 1405 999 et
1419 934 1479 1001 olei
1495 953 1571 1001 uasa

435 1032 577 1114 conpleta
601 1035 683 1098 sunt.
706 1052 764 1099 nec
789 1033 864 1100 tiliis
891 1034 1024 1100 abstulit
1047 1036 1149 1101 mator
1163 1036 1247 1118 quod
1260 1035 1372 1101 Heliae
1387 1035 1493 1113 dedit,
1514 1037 1569 1102 sed

435 1134 537 1219 magis
551 1135 685 1200 eontulit
698 1135 774 1200 filiis
788 1135 871 1218 quod
884 1136 1018 1222 benigne
1043 1140 1076 1203 et
1100 1138 1152 1220 pie
1176 1137 1260 1203 iecit.
1291 1138 1325 1203 ot
1349 1138 1407 1204 illa
1432 1139 1568 1204 nondum

435 1235 595 1301 Christum
609 1238 743 1314 sciebat,
766 1239 905 1303 nondum
930 1241 1097 1322 praecepta
1121 1241 1188 1305 eius
1214 1240 1369 1314 audierat,
1393 1257 1454 1306 non
1480 1259 1570 1306 cruce

435 1341 467 1404 et
481 1340 624 1422 passione
638 1340 705 1404 eius
720 1340 884 1422 redempta
898 1341 1005 1407 cibum
1021 1344 1054 1408 et
1067 1345 1177 1425 potum
1193 1360 1248 1424 pro
1259 1344 1410 1427 sanguine
1420 1342 1571 1427 repende-

398 1440 503 1516 robat,
526 1445 564 1506 ut
579 1460 614 1506 ex
629 1441 688 1506 hoc
707 1445 854 1525 appareat
876 1444 1030 1524 quantum
1056 1445 1088 1507 in
1115 1444 1246 1508 ecclesia
1267 1447 1374 1526 peccet
1399 1445 1453 1527 qui
1479 1463 1513 1510 se
1539 1445 1572 1509 et

435 1541 518 1607 filios
540 1541 664 1608 Christo
686 1545 875 1625 anteponens
897 1545 1028 1610 diuitias
1049 1563 1122 1610 suas
1144 1548 1250 1611 seruat
1270 1565 1327 1611 nec
1347 1546 1571 1629 patrimonium

434 1642 592 1724 copiosum
608 1663 680 1709 cum
695 1645 907 1731 indigentium
922 1649 1106 1730 paupertate
1122 1648 1341 1712 communicat.

478 1742 539 1809 Sed
555 1745 637 1810 enim
652 1746 747 1812 multi
763 1749 838 1812 sunt
851 1749 885 1813 in
900 1749 992 1813 domo
1008 1749 1099 1814 libori
1115 1751 1147 1815 et
1161 1749 1301 1814 retardat
1316 1752 1348 1813 te
1362 1753 1571 1817 numerositas
1586 1747 1623 1810 18

434 1846 571 1911 liliorum
587 1850 752 1929 quominus
767 1851 899 1933 largiter
911 1850 1000 1915 bonis
1012 1851 1157 1933 operibus
1172 1851 1310 1917 insistas.
1327 1852 1423 1934 adqui
1434 1853 1570 1935 hocipso

399 1970 424 2007 re
434 1950 553 2030 operari
569 1949 706 2031 amplius
721 1950 831 2026 debes,
848 1967 908 2031 quo
924 1951 1099 2020 multorum
1114 1951 1280 2034 pignorum
1295 1954 1385 2033 pater
1400 1971 1442 2017 es.
1464 1953 1570 2035 plures

433 2052 508 2114 sunt
532 2069 588 2132 pro
613 2050 727 2131 quibus
754 2051 925 2115 Dominum
951 2051 1139 2133 depreceris,
1162 2051 1336 2116 multorum
1357 2053 1473 2119 delicta
1486 2055 1570 2118 redi·

432 2151 545 2216 menda
559 2155 647 2228 sunt,
682 2152 855 2217 multorum
870 2153 1049 2236 purgandae
1064 2153 1284 2231 conscientiae,
1307 2155 1480 2220 multorum
1503 2157 1571 2220 aui-

433 2270 502 2316 mae
515 2252 703 2317 liberandae.
727 2255 764 2317 ut
786 2253 819 2317 in
841 2255 900 2317 hac
921 2255 990 2318 uita
1012 2253 1164 2319 saeculari
1179 2255 1299 2318 alendis
1321 2257 1572 2338 sustinendisque

433 2352 616 2437 pignoribus
630 2373 692 2437 quo
706 2355 806 2420 maior
821 2360 869 2419 eet
883 2372 1032 2420 numerus
1046 2355 1105 2421 hoc
1118 2356 1218 2420 maior·
1233 2357 1266 2421 et
1280 2358 1425 2439 sumptus
1440 2358 1504 2436 est,
1525 2357 1573 2423 ita

399 2460 467 2522 root
491 2458 524 2522 in
550 2458 618 2521 uita
640 2457 777 2539 spiritali
792 2457 894 2539 adque
920 2457 1048 2523 caelesti
1071 2473 1132 2540 quo
1147 2457 1280 2539 amplior
1294 2457 1392 2522 fuerit
1406 2459 1572 2543 pignorum

433 2560 523 2642 copia
537 2578 603 2624 esse
618 2562 651 2624 et
665 2577 794 2640 operum
811 2558 904 2624 debet
919 2560 1021 2624 maior
1034 2560 1171 2641 inpensa
1195 2559 1242 2624 sio
1266 2560 1323 2624 Iob
1347 2560 1498 2625 sacrificia
1513 2581 1573 2626 nu-

432 2678 553 2726 merosa
568 2677 623 2743 pro
638 2660 746 2724 liberis
762 2660 937 2737 obterebat,
955 2663 1152 2743 quantosque
1168 2661 1235 2726 erat
1249 2663 1282 2725 in
1297 2661 1389 2725 domo
1404 2663 1572 2745 pignorum

429 2780 579 2827 numerus
595 2764 705 2827 uncus
721 2762 857 2827 dabatur
870 2764 937 2828 Deo
952 2767 985 2828 et
999 2783 1149 2829 numerus
1164 2765 1349 2829 hostiarum.
1373 2770 1406 2829 et
1421 2763 1569 2846 qnoniam

431 2862 547 2929 cotidie
561 2864 666 2929 deesse
687 2881 748 2929 non
772 2866 874 2945 potest
888 2866 971 2947 quod
986 2867 1132 2948 peccetur
1146 2867 1179 2930 in
1196 2866 1362 2946 conspectu
1376 2864 1452 2942 Dei,
1475 2867 1572 2929 sacri-

395 2988 421 3027 e
432 2964 502 3030 licia
514 2965 670 3031 cotidiana
695 2986 757 3032 non
783 2968 914 3033 deerant
928 2967 1044 3050 quibos
1059 2968 1187 3049 possent
1201 2968 1330 3049 peccata
1344 2967 1437 3050 tergi.
1461 2967 1573 3049 probat

430 3066 586 3150 scriptura
615 3068 740 3133 dicens:
781 3069 851 3133 lob
890 3069 1003 3133 homo
1042 3088 1159 3135 uerus
1192 3069 1231 3133 ot
1265 3067 1399 3132 iustus
1432 3068 1574 3133 babuit

431 3167 543 3233 filios
565 3171 718 3252 septem
739 3174 778 3236 et
800 3172 914 3236 filias
937 3172 1019 3236 tres
1041 3173 1079 3235 et
1101 3169 1339 3268 emundabat
1360 3170 1455 3236 illos
1477 3171 1573 3237 offe·

432 3289 521 3335 rens
543 3290 611 3353 pro
643 3272 701 3336 eis
734 3273 890 3339 hostias
911 3273 994 3338 Deo
1016 3273 1237 3350 secundum,
1254 3262 1460 3338 rinmerum
1482 3273 1573 3338 illo·

431 3393 519 3438 rum
541 3376 580 3439 et
601 3393 666 3456 pro
689 3378 872 3458 peccatis
907 3393 1040 3440 eorum
1076 3375 1250 3440 uitulum
1282 3393 1408 3439 unum.
1447 3375 1473 3439 si
1499 3394 1572 3459 crgo

534 3560 569 3614 26
585 3559 635 3613 lob
648 3563 673 3625 1,
684 3562 710 3615 2.
722 3560 747 3616 3.
761 3562 786 3616 5.

486 3712 617 3768 ldoiciet
630 3714 681 3768 θ’,
732 3717 762 3769 ct
773 3728 898 3783 capsaces
909 3713 963 3767 olei
979 3712 1059 3777 We,
1078 3727 1127 3767 noc
1138 3713 1167 3766 in
1180 3712 1373 3766 uasoloumF
1435 3712 1573 3766 minuetur

434 3797 477 3851 Gn
545 3797 673 3853 biarriis
686 3798 712 3852 0
782 3798 922 3854 bobolino
936 3800 974 3852 θ’
1046 3799 1079 3852 11
1098 3797 1383 3867 antepraopoueusF
1438 3797 1472 3851 14
1490 3797 1574 3867 adqui

436 3881 524 3946 WF¹‚
543 3883 638 3951 atquin
649 3883 699 3947 Ρ,
718 3886 800 3953 atquo
814 3883 840 3937 θ
905 3889 970 3952 poet
987 3882 1047 3952 ipso
1064 3897 1175 3937 ausam
1186 3880 1302 3951 largiter
1313 3882 1346 3937 in
1359 3880 1397 3936 W
1466 3882 1500 3936 15
1517 3896 1574 3935 am·

433 3967 516 4036 plius]
528 3967 719 4037 plurimumV
785 3967 932 4041 quelquod
943 3968 1040 4023 malim
1108 3966 1291 4037 pigneraret}
1370 3965 1406 4024 16
1424 3967 1574 4022 saecularia

437 4052 486 4108 W¹
540 4054 793 4124 metentandisq.0
855 4055 890 4109 19
907 4054 1052 4124 bocleoO
1122 4055 1227 4108 estona
1242 4052 1269 4107 θ
1337 4053 1371 4106 21
1390 4055 1481 4108 otom.
1496 4054 1521 4106 0

434 4138 543 4193 siceto
594 4139 630 4194 ab
646 4144 759 4210 possum
776 4140 975 4209 apostate
1028 4137 1572 4209 tergtitAupuat.1.c.1V‚10,27.‚

433 4223 536 4294 tergeri
547 4224 630 4280 WGo
680 4226 716 4281 26
733 4225 1004 4297 seripturadiuinao

1306 4312 1372 4376 26*
