4009 5034
381 349 451 414 ’268
801 346 948 402 Caecilii
965 344 1129 416 Cypriani

386 521 447 586 qne
462 501 529 568 eius
545 521 616 569 uere
631 505 663 569 et
678 502 863 586 spiritaliter
877 502 1050 569 adoremus.
1066 522 1146 584 quae
1161 502 1245 567 enim
1261 502 1364 586 petest
1379 520 1447 568 esse
1462 500 1528 584 spi·

387 604 491 670 ritalis
506 606 604 671 oratio
619 625 715 688 quam
729 625 807 689 quae
823 625 842 671 a
856 604 979 672 Christo
994 605 1082 671 uobis
1097 605 1173 670 data
1187 605 1250 681 est,
1273 623 1292 669 a
1314 621 1375 686 quo
1389 603 1480 669 nobis
1495 606 1527 668 et

383 707 525 792 ¹Spiritus
545 711 672 775 sanctus
698 709 814 775 missus
840 709 1007 790 estquis
1036 726 1109 774 uera
1134 709 1212 789 aput
1237 709 1359 790 patrem
1389 706 1527 789 precatio

387 830 484 892 qnam
506 829 585 893 quae
606 830 626 877 a
646 810 712 876 filio
734 811 788 894 qui
812 811 860 876 cst
881 810 998 876 ueritas
1020 811 1058 876 de
1081 809 1148 875 eius
1174 827 1226 874 ore
1251 809 1373 892 prolata
1398 811 1469 875 est?
1490 810 1528 875 ut

386 913 481 978 aliter
495 932 582 979 orare
597 932 692 996 qnam
706 913 812 979 docuit
837 933 898 980 non
924 913 1101 998 ignorantia
1127 913 1194 979 sola
1218 913 1262 978 sit
1287 912 1342 978 sed
1368 913 1401 978 et
1426 912 1550 994 culpa„

387 1015 511 1097 quando
526 1017 593 1099 ipse
608 1016 746 1099 posuerit
761 1017 793 1080 et
808 1015 936 1080 dixerit:
960 1015 1117 1081 reicitis
1131 1016 1359 1081 mandatum
1374 1015 1463 1090 Dei,
1486 1014 1529 1078 ut

388 1117 648 1184 traditionem
670 1121 845 1184 uestram
868 1119 1075 1183 statuatis.

351 1219 373 1282 3
430 1220 562 1286 Oremus
577 1220 693 1302 itaque,
710 1220 822 1286 fratres
837 1219 1044 1297 dilectissimi,
1061 1220 1143 1285 sicut
1153 1219 1305 1303 magister
1315 1220 1400 1285 Deus
1412 1217 1528 1283 docuit.

386 1323 488 1390 amica
503 1326 535 1389 et
550 1323 716 1389 familiaris
731 1323 830 1389 oratio
845 1326 894 1389 est
908 1324 1010 1389 Deum
1025 1321 1134 1387 desua
1149 1339 1272 1406 rogare,
1295 1320 1336 1387 ad
1356 1339 1446 1386 aures
1462 1321 1529 1387 eius

386 1426 551 1493 ascendem
566 1424 684 1491 Christi
699 1428 881 1493 orationem.
905 1427 1056 1510 agnoscat
1070 1426 1160 1507 pater
1180 1424 1238 1489 filii
1253 1425 1303 1490 sui
1319 1423 1430 1504 uerba,
1455 1443 1528 1490 cum
1538 1452 1564 1493 ro

386 1548 509 1612 precem
535 1531 684 1598 facimus:
708 1534 761 1614 qai
777 1532 901 1597 habitat
916 1532 1001 1596 intas
1017 1532 1049 1596 in
1064 1531 1187 1612 pectere
1208 1531 1274 1612 ipse
1288 1531 1333 1594 sit
1347 1531 1380 1594 et
1394 1530 1427 1594 iu
1442 1547 1528 1608 uoce,

386 1634 419 1697 et
444 1651 518 1698 cum
543 1633 647 1715 ipsum
671 1634 840 1700 habeamus
865 1635 941 1717 aput
962 1635 1085 1716 patrem
1111 1633 1299 1699 aduocatum
1323 1632 1529 1715 propeccatis

385 1737 517 1813 nostris,
540 1735 662 1817 quaudo
676 1739 851 1819 peccatores
866 1755 922 1819 pro
937 1735 1062 1801 delictis
1077 1736 1191 1799 nostris
1205 1736 1359 1817 petimus,
1383 1734 1530 1800 aduocati

386 1838 486 1901 nostri
501 1837 596 1903 uerba
611 1855 801 1920 promamus.
824 1857 897 1902 nam
918 1855 990 1901 cum
1006 1837 1105 1901 dieat:
1140 1836 1233 1918 quia
1255 1835 1530 1919 quodcumqae

386 1938 629 2019 petierimus
661 1958 680 2003 a
712 1941 824 2020 patre
857 1939 898 2004 in
932 1939 1086 2004 nomine
1126 1938 1212 2002 eiua
1252 1937 1364 2002 dabit
1399 1937 1565 2014 uobis‚rs

385 2041 503 2121 quanto
530 2038 686 2105 efficacius
711 2040 918 2123 impetramus
940 2039 1022 2122 quod
1045 2039 1182 2123 petimus
1197 2038 1317 2105 Christi
1340 2040 1475 2117 nomino,
1499 2039 1527 2105 si

386 2144 530 2223 petamus
545 2142 643 2225 ipsius
658 2142 820 2207 oratione?

350 2250 373 2310 l
429 2241 479 2307 Sit
494 2245 599 2308 autem
616 2244 777 2310 orantibus
792 2263 893 2310 sermo
908 2247 940 2310 et
953 2245 1090 2327 precatio
1106 2264 1177 2311 cum
1200 2245 1367 2329 disciplina
1389 2246 1528 2329 quictem

386 2347 547 2411 continens
562 2350 594 2413 et
609 2349 769 2429 pudorem.
793 2348 967 2433 cogitemus
993 2367 1048 2413 uos
1074 2348 1132 2414 sub
1159 2350 1324 2431 conspectu
1349 2349 1409 2413 Dei
1435 2351 1528 2413 stare.

385 2448 572 2530 placendum
599 2450 646 2514 est
672 2450 790 2515 diuinis
816 2450 915 2516 oeulis
940 2454 973 2517 et
996 2451 1109 2516 habitu
1124 2452 1259 2535 eorporis
1275 2454 1307 2517 et
1322 2452 1414 2517 modo
1431 2449 1562 2514 uocisio

385 2570 459 2615 nam
486 2552 524 2615 ut
550 2550 729 2634 inpudentia
755 2553 804 2618 est
818 2553 1009 2618 clamoribus
1023 2556 1176 2637 strepere,
1201 2554 1247 2619 ita
1262 2556 1369 2619 eontm
1384 2551 1529 2636 congruit

386 2653 559 2718 uerecundo
575 2655 725 2719 modestis
739 2656 883 2738 precibus
906 2675 1001 2720 orare.
1025 2657 1157 2738 deniquo
1179 2655 1363 2740 magisterio
1385 2673 1441 2719 suo
1463 2654 1530 2718 Do·

386 2754 492 2817 minus
506 2758 624 2820 secrete
638 2774 726 2821 orare
740 2774 796 2821 nos
811 2758 979 2839 praecepit,
998 2757 1031 2821 in
1047 2757 1164 2822 abditis
1181 2759 1213 2820 et
1228 2755 1358 2821 semotis
1374 2755 1467 2833 loeis,
1495 2755 1529 2819 in

387 2856 540 2923 cubiculis
556 2856 649 2940 ipsis,
672 2859 756 2941 quod
781 2859 886 2945 magis
912 2860 1058 2925 conuenit
1083 2859 1172 2939 fidei,
1197 2860 1234 2924 ut
1261 2858 1398 2923 sciamus
1424 2857 1528 2922 Deum

386 2958 503 3040 ubique
518 2977 583 3024 esse
598 2962 808 3042 praesentem,
832 2961 940 3026 audire
969 2979 1077 3027 omnes
1104 2963 1137 3027 et
1162 2962 1269 3026 uidere
1295 2961 1328 3026 et
1352 2959 1530 3025 maiestatis
1539 2982 1565 3023 a

385 3078 462 3125 suae
487 3062 681 3143 plenitudine
707 3063 741 3128 in
767 3064 877 3130 obdita
903 3081 1024 3146 quoque
1048 3067 1080 3128 et
1106 3064 1228 3130 occulta
1248 3064 1423 3146 penetrare,
1447 3061 1530 3126 sicut

382 3162 539 3244 scriptum
566 3165 630 3227 est:
666 3182 733 3248 ego
764 3166 868 3230 Deus
897 3166 1174 3248 adproximans
1202 3167 1241 3231 et
1267 3185 1340 3231 nou
1362 3165 1463 3230 Deus
1486 3162 1531 3226 de

385 3262 616 3347 longinquo.
650 3266 683 3330 si
705 3266 968 3333 absconditus
1001 3268 1125 3334 fuerit
1157 3270 1266 3334 home
1299 3269 1340 3332 in
1372 3266 1531 3332 abscon·

381 3364 500 3444 ditis,
537 3385 607 3450 ego
629 3386 721 3452 ergo
744 3387 818 3433 non
841 3370 982 3436 uidebo
1011 3374 1116 3436 cum?
1150 3388 1273 3435 noune
1308 3369 1459 3434 eaelum
1491 3369 1532 3432 et

386 3468 535 3534 terram
559 3489 628 3554 ego
650 3471 803 3554 inpl'eo?
825 3474 858 3538 et
882 3473 1013 3539 itemm:
1043 3474 1082 3539 in
1104 3473 1206 3539 omui
1228 3473 1314 3538 loeo
1336 3470 1442 3537 oculi
1459 3468 1566 3535 Deiso

386 3721 469 3777 30121
489 3638 754 3778 dillatth.15,ii(ci.
768 3643 850 3698 Marc
864 3644 889 3707 7,
902 3643 947 3711 8.).
1008 3644 1042 3697 14
1054 3645 1092 3698 le.
1106 3644 1146 3707 16,
1155 3643 1198 3697 23.
1257 3641 1292 3696 ῒῖ
1305 3639 1527 3708 marmaissa

386 3724 393 3741 ⁸
470 3739 511 3779 ou.
540 3727 565 3789 ὅ.
575 3728 599 3782 3.

394 3863 454 3950 Νι
473 3863 668 3931 specialitero
745 3867 1014 3936 epistolatum,
1037 3865 1372 3937 monastirium„
1455 3846 1529 3920 a&

382 3949 475 4019 spsG
545 3965 608 4004 uara
619 3954 662 4005 cst
678 3951 716 4015 G,
736 3968 800 4005 nera
812 3952 931 4022 magico
1011 3952 1159 4015 doroW‚
1178 3968 1257 4020 opcrc
1274 3952 1300 4006 G
1367 3951 1530 4006 iidominus

386 4034 548 4107 Krabinper
599 4036 813 4093 9deniinumV
861 4038 919 4093 cius
932 4038 990 4093 cius
1007 4037 1045 4093 0¹
1099 4038 1133 4093 10
1149 4038 1295 4094 orationes
1358 4038 1531 4108 agnoscitce

385 4125 517 4191 agnoscat
532 4122 635 4178 (im
722 4126 757 4180 16
775 4124 1037 4193 inpetrabimusrcc.
1052 4124 1217 4195 Krabinper
1304 4124 1333 4177 in
1350 4125 1478 4179 christia

381 4206 422 4261 20
439 4207 520 4262 modu
537 4209 571 4260 W
619 4208 653 4262 21
671 4212 766 4263 contra
781 4210 847 4264 We.
858 4209 875 4263 1.
888 4226 922 4263 m.
932 4209 1130 4274 2,eoontraG
1181 4211 1216 4264 23
1233 4213 1364 4264 secretae
1415 4208 1528 4264 semotis

388 4292 613 4359 G,sccretisW
663 4294 850 4351 idiomati}
902 4295 997 4351 arist
1010 4312 1059 4351 ona
1077 4295 1114 4352 W
