4009 5034
391 339 458 402 ‘210
796 331 945 389 Caecilii
962 331 1127 401 Cypriani

391 490 518 568 erectis,
541 489 650 571 pectus
665 507 757 553 suurn
772 487 898 568 pulsans
912 489 945 553 ot
959 487 1087 570 peccata
1100 485 1185 553 intus
1205 486 1325 554 inclusa
1348 492 1525 556 contestans

392 595 519 660 dicium
529 591 758 658 misericordiae
769 590 944 672 inplorabat
957 589 1120 668 auxilium,
1135 593 1167 655 et
1182 608 1254 655 cum
1269 591 1328 656 sibi
1344 591 1525 675 pharisaeus

390 695 543 780 placeret,
566 692 751 759 sanctificari
765 691 817 757 hic
831 692 933 777 magis
947 692 1066 757 meruit
1079 692 1133 774 qui
1149 692 1194 757 sic
1208 693 1347 777 rogauit,
1369 693 1423 774 qui
1438 711 1525 775 spem

391 800 505 865 salutis
519 814 580 862 non
596 796 628 860 in
642 794 758 860 fiducia
772 794 964 859 innocentiae
975 813 1051 860 suae
1062 793 1176 875 posuit,
1192 812 1265 858 cum
1277 793 1421 859 innocens
1437 813 1524 860 nemo

391 903 450 979 sit,
474 901 529 967 sed
543 901 669 982 peccata
693 896 849 963 confessus
874 896 1038 962 humiliter
1063 896 1183 977 orauit,
1206 900 1239 963 et
1261 897 1421 963 exaudiuit
1434 917 1562 966 oran-s

392 1006 458 1069 tem
474 1003 528 1085 qui
542 1001 716 1068 humilibus
730 998 874 1083 ignoscit.
898 1018 977 1081 quae
987 999 1141 1065 Dominus
1154 1000 1184 1064 io
1197 999 1359 1085 euangelio
1373 1017 1428 1065 suo
1440 1000 1528 1082 ponit

393 1109 426 1172 et
451 1106 544 1172 dicit:
578 1104 753 1171 homines
774 1103 846 1169 duo
868 1104 1139 1169 ascenderunt
1166 1103 1205 1169 in
1227 1104 1419 1185 templum
1440 1104 1527 1169 ado·

393 1228 499 1286 rare,
533 1226 635 1273 unus
657 1206 899 1290 pharisaeus
930 1207 968 1271 et
995 1225 1094 1270 uuus
1116 1206 1363 1289 publicanus.
1396 1204 1529 1288 phari·

393 1330 504 1377 saous
519 1329 602 1375 cum
617 1309 819 1386 stetisset,
841 1308 947 1373 talin
962 1311 1113 1389 aputse
1134 1309 1385 1390 precabatur:
1407 1309 1528 1385 Dens,

392 1413 551 1497 gratias
574 1411 651 1476 tibi
673 1429 757 1494 ago,
796 1410 887 1493 quia
919 1427 991 1475 non
1023 1408 1567 1475 sumsicutcotorihomi·1o

393 1531 458 1579 nos
479 1511 643 1590 iniusti,
674 1514 874 1594 raptores,
911 1511 1107 1590 adulteri,
1130 1510 1317 1592 quomodo
1339 1513 1377 1576 et
1399 1509 1529 1592 publi·

394 1633 510 1682 canus
532 1614 619 1680 istc.
654 1614 784 1679 ieiuno
813 1613 874 1679 bis
906 1612 944 1677 in
978 1612 1161 1691 sabbato,
1198 1612 1434 1678 decimssdo
1457 1629 1530 1677 om·

393 1718 499 1783 nium
522 1735 789 1798 quaecumque
821 1715 1016 1798 possideo.
1050 1715 1288 1796 publicanus
1323 1716 1452 1781 autem
1486 1715 1531 1780 de

394 1818 606 1903 longinquo
640 1817 777 1883 stabat
809 1818 847 1882 ot
878 1834 1006 1899 neque
1033 1816 1166 1882 oculos
1188 1835 1280 1883 suos
1302 1817 1465 1883 leuabat
1485 1817 1531 1881 ad
1586 1841 1590 1850 ·

394 1920 541 1986 caelum
563 1920 627 1986 sod
657 1918 909 2003 percutiebat
930 1918 1067 1999 pectus
1089 1936 1198 1984 snum
1226 1918 1376 1985 dicens:
1413 1920 1568 1995 Deus,1.s

392 2022 598 2106 propitius
619 2024 704 2087 osto
726 2020 1048 2102 mihipeccatori.
1072 2019 1303 2098 dicouobis,
1327 2019 1534 2085 descendit

395 2124 459 2189 hic
491 2123 753 2190 iustificatus
788 2123 828 2188 in
861 2124 1014 2188 domum
1047 2133 1154 2187 suam
1177 2123 1307 2205 magis
1330 2141 1439 2204 quam
1462 2123 1533 2187 ille

394 2226 640 2309 pharisaeus:
676 2227 766 2307 quia
798 2227 923 2290 omnis
950 2225 1015 2307 qui
1044 2243 1085 2289 se
1115 2224 1279 2291 extollit
1306 2224 1534 2289 humiliabi-

394 2330 474 2405 tur,
498 2330 539 2394 ct
560 2329 625 2411 qui
648 2347 688 2393 sc
710 2328 897 2393 humiliat
918 2327 1176 2393 exaltabitur.

364 2444 382 2507 7
438 2428 524 2507 Quae
549 2450 622 2507 nos,
657 2432 768 2495 iratres
793 2430 1007 2507 dilectissimi,
1030 2430 1069 2495 de
1093 2429 1200 2494 diuina
1226 2428 1356 2494 lectione
1381 2427 1535 2493 discentes
1544 2444 1570 2484 or

394 2534 561 2613 postquam
577 2533 780 2616 cognorimus
795 2533 834 2598 ad
851 2531 1023 2598 orationem
1045 2532 1181 2614 qualiter
1195 2531 1339 2596 accedero
1353 2530 1530 2606 debeamus

395 2649 615 2717 cognoscamus
627 2633 893 2699 docenteDomino
905 2636 937 2698 et
948 2633 1025 2716 quid
1036 2651 1169 2699 oremus.
1193 2633 1264 2711 sic,
1280 2633 1393 2714 inquit,
1408 2635 1533 2698 orate:

394 2737 677 2816 paternoster,
714 2737 779 2817 qui
801 2755 839 2801 es
862 2736 899 2800 in
922 2735 1061 2813 caelis,
1095 2735 1380 2801 sanctificetur
1401 2754 1535 2800 nomeu

394 2839 525 2917 tuum,
549 2838 736 2904 adueniat
757 2856 927 2923 regnum¹
942 2839 1068 2915 tuum,
1102 2836 1179 2903 fiat
1200 2836 1386 2902 uoluntas
1408 2841 1476 2901 tua
1496 2835 1535 2900 in

394 2939 504 3005 caelo
537 2942 575 3004 et
607 2942 644 3005 in
680 2944 800 3018 terra,
838 2959 974 3023 panem
1003 2942 1178 3005 nostrum
1201 2937 1467 3006 cottidianum
1489 2938 1570 3002 ducx.

395 3041 514 3108 nobis
536 3042 666 3120 bodie,
706 3045 746 3108 et
768 3043 933 3108 dimitte
955 3042 1067 3107 nobis
1089 3041 1223 3108 debita
1242 3041 1393 3119 nostra,
1428 3040 1536 3107 sicut

499 3245 515 3298 ‘l
533 3244 598 3300 Luc.
611 3246 653 3310 18,
667 3246 701 3299 10
712 3262 750 3315 sq.
804 3246 839 3300 ‘22
856 3244 956 3300 Matth.
970 3247 995 3309 6,
1009 3248 1025 3298 9
1042 3262 1082 3313 sq.

447 3430 686 3500 lscdpcctueWo
732 3433 853 3488 inclausa
864 3433 1083 3504 contemptansS
1133 3433 1333 3489 3oranitWG
1376 3434 1457 3487 4uon
1470 3431 1537 3485 ildu-

394 3518 465 3571 cicm
476 3516 598 3573 Gronoa
610 3519 662 3572 obe.
670 3535 700 3587 p.
711 3523 767 3574 628
827 3520 845 3574 5
856 3524 884 3574 et
896 3520 1010 3574 exaudio
1020 3520 1094 3588 (sic).
1106 3559 1111 3569 .
1123 3518 1259 3589 agnoscit
1272 3519 1340 3574 om.
1348 3520 1441 3573 recia
1449 3534 1537 3588 worp,

395 3601 462 3655 odd.
509 3603 826 3672 dscmperbumilibuso
871 3605 976 3660 eleusii
1023 3604 1312 3673 subponitlmouuitS
1356 3605 1487 3658 iurares

394 3690 458 3743 8ct
475 3689 554 3758 unus]
573 3694 601 3743 ct
618 3689 728 3744 ulterV
796 3692 824 3744 ct
836 3705 895 3745 curu
908 3691 1032 3745 stetisset
1044 3690 1185 3760 phariseus
1200 3691 1226 3745 G
1297 3691 1330 3744 12
1347 3690 1443 3744 sabato
1458 3690 1485 3744 G

394 3773 428 3828 de
440 3774 559 3829 omnium
570 3776 619 3842 W,
632 3776 665 3830 de
677 3777 800 3831 omnibus
814 3777 841 3831 V
890 3776 924 3831 13
942 3777 1134 3845 quaecumque]
1147 3791 1216 3843 quac
1231 3775 1256 3829 G
1308 3777 1342 3830 14
1359 3777 1449 3830 oculos
1461 3776 1535 3830 uolo·

394 3857 444 3913 bat
455 3859 490 3913 ad
499 3861 602 3915 caelum
615 3861 776 3925 leuarer3
788 3862 840 3916 οὐκ
851 3861 951 3929 ἤθελεν
963 3859 1029 3915 odoi
1042 3859 1107 3921 τοὺς
1119 3861 1290 3933 ὀφθαλμοὺς
1301 3866 1343 3921 alc
1354 3859 1404 3915 τὸν
1416 3861 1536 3931 οὐρανὸν

395 3947 499 4016 ἐπᾶραι
513 3945 608 4001 Gracc.
663 3947 695 4000 li
711 3947 799 4016 magis
808 3947 952 4002 indomuin
963 3963 1040 4001 suam
1050 3947 1118 4002 WG
1170 3948 1205 4001 18
1216 3947 1333 4016 extollit]
1346 3945 1487 4001 exaltati}

396 4031 430 4085 19
448 4030 569 4084 bumilat
586 4031 611 4086 V
672 4032 704 4086 21
724 4033 842 4102 qualitor
853 4033 888 4088 ad
900 4034 1078 4087 oratiouemo
1141 4033 1176 4086 21
1193 4034 1266 4087 sicut
1277 4033 1306 4086 in
1319 4032 1391 4087 caelo
1407 4033 1477 4100 Wo,·
1495 4035 1531 4099 cf.

395 4119 516 4186 Aspara.
531 4117 566 4172 aa
581 4117 655 4173 dono
663 4134 772 4188 persea.
791 4135 813 4175 c.
826 4122 860 4174 3.·
875 4117 914 4174 ‘in
927 4119 999 4174 caclo
1016 4121 1046 4174 et
1062 4117 1090 4173 in
1108 4119 1189 4173 terra'
1202 4118 1245 4172 uel
1262 4117 1334 4188 quod
1351 4118 1379 4172 iu
1398 4118 1533 4187 plerisque

394 4202 534 4257 codicibus
546 4202 649 4274 legitur
660 4205 800 4275 magisque
810 4205 845 4260 ab
857 4205 998 4261 orantibus
1015 4205 1202 4274 frequentator
1217 4202 1301 4260 ‘sicut
1318 4204 1348 4259 iu
1364 4206 1437 4260 caclo
1454 4209 1483 4260 et
1504 4206 1533 4259 iu

396 4287 476 4343 terru'
539 4289 574 4344 26
592 4292 730 4346 remittes
