4009 5034
694 375 741 431 De
757 373 924 431 dominica
940 374 1102 430 oratione
1119 390 1142 429 c
1160 374 1272 428 17-19.
1489 374 1553 440 281

416 531 539 601 cbristo
554 549 715 598 manemus
729 533 762 597 et
775 530 915 597 uiuimus
930 549 949 596 a
963 527 1210 597 sanctificatione
1224 529 1293 596 eius
1306 530 1340 595 et
1354 546 1480 612 corpore
1492 545 1554 594 non

416 635 607 702 recedamus.

459 724 569 804 Potest
583 753 657 804 nero
672 738 705 804 et
718 736 765 802 sic
784 736 943 821 intellegi,
966 735 1082 820 utqui
1104 736 1228 803 saecqu
1250 733 1501 802 renuntiauimus
1523 735 1606 804 otia

417 840 548 907 diuitias
567 840 634 906 eius
654 841 687 906 et
707 857 838 923 pompas
858 839 921 906 fide
941 839 1065 924 gratiae
1086 839 1240 923 spiritalis
1261 837 1433 906 abiecimus
1450 838 1557 903 cibum

383 956 396 997 ⁸
416 941 647 1008 nobistantum
660 941 805 1023 petamus
820 943 853 1008 et
866 941 1007 1021 uictum,
1030 942 1155 1023 quando
1181 942 1321 1007 instruat
1345 941 1499 1006 Dominus
1524 942 1559 1006 et

416 1045 517 1111 dicat:
545 1043 611 1128 qni
642 1061 715 1110 non
747 1042 959 1111 renuntiat
990 1043 1170 1110 omnibus
1202 1062 1299 1127 quae
1332 1044 1424 1109 sunt
1456 1042 1555 1122 eius,

416 1165 494 1214 non
526 1148 660 1234 potest
691 1164 797 1213 meus
828 1145 1060 1229 discipulus
1090 1164 1183 1213 esse.
1222 1146 1278 1229 qui
1304 1148 1412 1212 autem
1437 1143 1556 1212 Christi

330 1245 331 1249 ’
418 1250 519 1333 coepit
543 1268 610 1318 esse
633 1250 806 1334 discipulus
830 1248 1001 1316 secundum
1021 1248 1170 1335 magistri
1185 1249 1361 1316 suiuocem
1376 1247 1557 1314 renuntians

418 1351 577 1432 omuibus,
599 1352 748 1419 diurnum
770 1351 863 1418 debet
884 1351 991 1418 cibum
1013 1353 1120 1434 petere
1141 1369 1198 1418 nec
1211 1352 1245 1417 in
1259 1352 1390 1436 longum
1405 1351 1559 1418 desideria

384 1467 411 1509 ιο
417 1454 578 1537 petitionis
588 1453 751 1521 extendere
766 1454 834 1536 ipso
848 1452 966 1521 iterum
976 1453 1113 1520 Domino
1128 1453 1357 1538 praescribente
1372 1454 1404 1520 et
1418 1453 1559 1520 diceus:

417 1558 546 1625 nolite
567 1558 606 1623 in
628 1556 845 1623 crastinum
867 1556 1069 1641 cogitare:
1105 1557 1310 1622 crastinus
1338 1557 1440 1622 enim
1468 1555 1558 1621 ties

417 1662 501 1744 ipse
522 1659 720 1746 cogitabit
740 1658 831 1724 sibi.
854 1658 1021 1725 sufficit
1042 1657 1124 1725 diei
1147 1658 1307 1723 malitia
1328 1676 1408 1725 sua.
1443 1658 1557 1724 memte

418 1780 492 1847 ergo
507 1760 625 1828 Christi
638 1760 811 1844 discipulus
826 1760 947 1827 uictum
962 1761 1026 1827 eibi
1040 1761 1075 1826 in
1090 1761 1175 1826 diem
1188 1759 1331 1842 postulat
1351 1761 1406 1842 qui
1428 1762 1467 1826 de
1489 1778 1558 1826 cra·

418 1863 502 1929 stino
522 1863 659 1950 cogitare
680 1862 878 1948 prohibetur,
901 1863 977 1945 qnia
998 1864 1032 1930 et
1052 1864 1246 1929 contraitum
1268 1862 1330 1928 sibi
1351 1862 1390 1926 fit
1410 1864 1444 1928 et
1465 1881 1558 1944 repu-

383 1990 410 2032 u
420 1985 534 2051 grans,
555 1967 593 2032 ut
607 1983 791 2049 quaeramus
805 1965 840 2031 in
854 1965 978 2031 saeculo
993 1966 1049 2031 diu
1064 1967 1172 2031 uiuere
1194 1965 1249 2047 qui
1271 1966 1410 2048 petimus
1425 1982 1558 2049 regnum

417 2069 478 2134 Dei
492 2067 641 2134 uelociter
654 2068 808 2133 aduenire.
831 2067 877 2132 sic
892 2069 924 2133 et
937 2068 1051 2133 beatus
1066 2068 1225 2151 apostolus
1239 2069 1347 2133 monet
1368 2067 1507 2133 formans
1522 2070 1557 2134 et

419 2171 617 2237 corroborans
631 2170 698 2251 spei
712 2170 837 2236 nostrae
851 2187 888 2235 ac
903 2169 977 2235 fidei
992 2169 1188 2235 firmitatem.
1209 2169 1331 2248 nihil,
1354 2169 1476 2252 inquit,
1502 2170 1559 2235 in-

418 2273 593 2340 tulimus
614 2271 654 2337 in
675 2272 776 2338 hunc
796 2272 996 2351 mundum,
1031 2291 1167 2338 uerum
1196 2289 1265 2338 nec
1298 2271 1453 2338 auferre
1474 2288 1559 2356 pos·

418 2392 565 2443 sumus
594 2374 785 2441 babentes
812 2374 948 2458 itaque
975 2375 1268 2443 exhibitionem
1295 2376 1335 2440 et
1357 2376 1558 2460 tegumen-

384 2479 502 2543 aotum
523 2478 587 2543 his
609 2477 790 2544 contenti
812 2495 953 2542 sumus.
988 2479 1054 2561 qui
1083 2480 1218 2545 autem
1239 2479 1383 2545 uolunt
1403 2478 1559 2544 diuites

419 2577 513 2645 fieri
543 2579 732 2645 incidant
764 2579 804 2645 in
836 2580 1142 2663 temptationem
1175 2583 1214 2646 et
1243 2580 1485 2664 muscipulas
1519 2582 1560 2646 et

418 2680 622 2750 desideria
655 2683 782 2750 multa
815 2685 854 2750 et
886 2683 1072 2750 nocentia
1104 2702 1203 2766 quae
1231 2685 1413 2768 mergunt
1433 2684 1558 2751 bomi-

418 2801 505 2849 nem
525 2785 566 2850 in
586 2784 849 2867 perditionem
870 2787 911 2851 et
930 2785 970 2851 in
984 2785 1209 2851 interitum.
1234 2787 1347 2852 radix
1362 2786 1463 2852 enim
1483 2804 1558 2852 om·

419 2885 525 2952 nium
546 2886 738 2954 malornm
770 2889 830 2953 est
861 2886 1069 2970 cupiditas
1100 2907 1214 2972 quam
1246 2887 1411 2972 quidam
1444 2888 1558 2973 adpe-

385 2989 549 3055 utentes
571 2989 912 3074 naufragatorunt
938 3009 958 3056 a
985 2989 1071 3057 fide
1093 2993 1134 3057 et
1155 2991 1414 3056 inseruerunt
1435 3009 1475 3058 se
1496 2991 1559 3057 do-
1654 3079 1658 3087 Ι

420 3088 574 3158 loribus
594 3091 746 3157 multis.

522 3296 540 3349 6
556 3294 621 3350 Luc
633 3295 675 3358 14,
688 3295 731 3351 33.
784 3296 817 3350 11
835 3293 935 3350 nnat
948 3294 1029 3360 aar.
1084 3295 1118 3349 17
1136 3294 1232 3350 I'I'im.
1245 3295 1271 3359 6,
1285 3294 1301 3348 7
1314 3310 1355 3365 sq.

472 3464 489 3518 1
507 3465 536 3519 at
546 3478 654 3536 corpore
666 3466 725 3520 cius
737 3465 774 3521 W
842 3466 861 3520 5
877 3468 1002 3536 petamus
1014 3468 1044 3520 et
1055 3463 1160 3520 nictum
1171 3480 1221 3521 ora
1233 3463 1256 3521 8
1325 3463 1343 3518 6
1360 3464 1560 3520 renuntiauerit

424 3550 459 3603 W
508 3550 587 3621 quae]
599 3550 647 3620 qui
660 3552 695 3604 W
743 3550 762 3606 8
778 3565 837 3604 esse
848 3550 984 3620 coepitW
1029 3566 1123 3606 uocem
1135 3550 1263 3620 magistri
1275 3550 1319 3605 sui
1329 3549 1368 3605 W
1413 3550 1448 3605 10
1459 3565 1490 3605 ca
1500 3552 1560 3604 teu·

420 3635 484 3691 dere
498 3636 538 3690 W
587 3635 693 3691 (licente
704 3651 739 3692 aa
750 3635 860 3690 docente
872 3635 897 3691 S
905 3641 968 3691 m.1
1038 3637 1071 3690 11
1090 3635 1149 3690 dies
1161 3651 1211 3691 cau
1225 3635 1366 3691 Boium
1437 3635 1470 3689 12
1488 3634 1561 3705 cogi·

420 3721 495 3776 teuit
510 3721 548 3777 0·
626 3718 783 3777 smflciatS
858 3720 894 3776 14
905 3721 970 3791 quia
981 3720 1020 3791 et]
1034 3736 1069 3775 an
1081 3720 1170 3777 nonO
1237 3719 1331 3776 tibio
1399 3719 1433 3774 fla
1444 3736 1478 3775 ea
1490 3718 1565 3776 sias

419 3811 495 3871 aaz,
513 3807 623 3863 uidetur
640 3805 667 3862 G
730 3805 767 3861 16
784 3805 877 3860 uenim
893 3803 920 3860 G
980 3805 1091 3860 firmans
1108 3805 1135 3862 G
1198 3806 1232 3860 1‘1
1251 3821 1281 3861 ac
1293 3805 1514 3861 fldeinoetraeS

419 3893 512 3963 inquit
522 3909 573 3949 orn.
589 3893 616 3949 G
669 3892 703 3947 18
714 3891 849 3962 nequeW,
861 3891 926 3961 quia
936 3892 1023 3948 nect
1073 3890 1181 3947 terreS
1230 3890 1384 3961 possumus]
1395 3890 1512 3947 simusS

421 3979 456 4034 19
473 3976 677 4048 exhibitionem]
689 3977 886 4032 unuimcuturn
900 3978 940 4033 W
999 3979 1029 4031 et
1039 3979 1209 4047 tegmentum
1223 3976 1258 4041 S,
1271 3993 1321 4032 cru
1333 3977 1367 4029 W
1424 3976 1461 4031 20
1478 3976 1563 4032 sinms

424 4065 481 4121 Wo
564 4064 599 4118 21
616 4061 796 4132 muscipulam
811 4060 854 4119 Go
932 4062 969 4117 22
986 4061 1152 4118 hominesG
1240 4061 1277 4117 23
1293 4065 1322 4117 et
1333 4061 1363 4117 in
1375 4061 1518 4118 interitum
1532 4064 1567 4116 W

421 4149 512 4206 sedin
522 4165 545 4205 o.
557 4150 622 4204 tra
634 4151 667 4214 2,
680 4164 732 4204 ora.
744 4147 812 4216 Sti,-
828 4148 866 4216 es.
879 4154 939 4205 teor.
952 4148 1011 4205 m
1019 4153 1055 4205 61
1065 4166 1095 4219 p.
1106 4152 1168 4214 165,
1181 4148 1315 4218 deiopeia
1331 4164 1354 4204 a.
1366 4150 1417 4212 12,
1435 4147 1564 4218 acopon

425 4234 581 4292 dmum
