4009 5034
421 375 486 440 202
830 371 975 429 Caecilii
993 367 1155 442 Cypriani

356 590 360 599 ,
423 526 518 592 facies
542 527 738 609 incorrupta,
772 525 876 592 ceruix
900 544 993 608 pura,
1017 525 1118 590 forma
1142 524 1280 589 sincera:
1303 539 1365 588 non
1392 519 1568 586 inferantur

425 628 552 694 auribus
567 628 713 707 uulnera,
735 646 793 695 nec
806 629 934 694 brachia
948 626 1091 694 includat
1116 629 1173 693 aut
1198 627 1280 691 colla
1305 624 1344 690 dc
1370 623 1508 689 armillis
1533 625 1566 689 et

424 731 594 797 monilibus
610 731 720 798 cotona
732 731 883 813 pretiosa:
906 730 971 796 sint
984 748 1004 796 a
1017 728 1219 815 compedibus
1233 728 1335 795 aurcis
1350 727 1444 813 pedes
1459 726 1563 806 libori,

423 834 523 900 crines
536 834 624 901 nullo
639 836 741 901 colore
754 834 865 913 fucati,
880 835 963 900 oculi
976 834 1192 917 conspiciendo
1202 835 1269 900 Deo
1284 833 1382 916 digni.
1406 830 1564 897 celebren-

423 937 476 1002 tur
489 937 615 1003 lauacra
629 956 702 1003 cum
716 937 857 1016 feminis,
872 956 1007 1020 quarum
1019 938 1054 1003 in
1069 955 1125 1002 uos
1139 937 1254 1019 pudica
1268 933 1387 1001 lauatio
1403 933 1461 999 est.
1483 951 1564 1016 nup·
1587 972 1601 1009 e

425 1041 543 1106 tiamm
559 1040 640 1107 festa
654 1040 786 1125 inproba
799 1041 833 1107 et
846 1040 993 1107 conuiuia
1013 1040 1132 1106 lasciua
1152 1041 1309 1117 uitentur,
1332 1054 1466 1121 quornm
1480 1036 1564 1118 peri·

426 1144 532 1209 culoso
546 1142 690 1227 contagio
705 1145 762 1208 ost.
793 1143 883 1208 uinco
896 1143 1019 1208 umbem
1045 1160 1124 1225 quac
1149 1142 1240 1226 uirgo
1266 1159 1314 1220 os,
1337 1142 1429 1206 uince
1453 1157 1565 1205 aurum

425 1264 506 1328 quaa
520 1263 645 1311 carnem
665 1245 766 1311 uineis
780 1245 813 1310 et
827 1245 996 1311 maculam.
1019 1262 1081 1310 uon
1106 1246 1156 1310 est
1180 1243 1321 1309 eiusdem
1346 1259 1407 1309 uon
1432 1258 1523 1324 posse
1549 1258 1568 1306 a

425 1347 597 1412 maioribus
611 1347 697 1413 uinci
723 1349 756 1411 et
780 1346 921 1429 inparem
942 1345 1116 1412 minoribus
1131 1346 1274 1412 inueniri.
1298 1347 1369 1411 arta
1383 1346 1417 1410 et
1431 1346 1567 1427 angusta

425 1450 475 1516 est
487 1449 542 1515 nia
556 1467 636 1533 qnae
650 1449 738 1515 ducit
752 1447 792 1514 ad
807 1449 924 1527 uitam,
947 1450 1045 1515 durus
1071 1450 1104 1516 et
1128 1448 1245 1514 arduus
1270 1448 1363 1514 limes
1388 1448 1444 1530 qui
1464 1445 1604 1512 tenditro

426 1551 467 1616 ad
481 1551 625 1634 gloriam.
648 1570 704 1633 per
725 1551 808 1618 hunc
828 1552 898 1618 uiae
912 1552 1050 1616 limitem
1065 1553 1218 1635 martyres
1233 1553 1383 1636 pergunt,
1406 1551 1483 1615 eunt
1497 1549 1563 1614 uir-

426 1654 532 1738 gines,
555 1654 633 1719 insti
648 1655 763 1736 quique
778 1654 972 1739 gredirmtur.
995 1654 1061 1719 lata
1086 1655 1119 1720 st
1143 1655 1282 1736 spatiosa
1307 1654 1422 1718 itinera
1448 1652 1563 1716 uitato:

426 1755 536 1822 letales
561 1755 630 1820 illic
653 1755 826 1822 inlecebrae
852 1757 885 1822 st
909 1756 1089 1823 mortiferae
1115 1757 1308 1839 uoluptates:
1330 1756 1399 1820 illic
1424 1753 1567 1819 diabolos

426 1856 589 1924 blanditur
610 1859 648 1923 nt
667 1858 773 1938 fallat,
802 1860 926 1926 adridet
947 1862 984 1925 ut
1008 1861 1134 1938 noceat,
1161 1860 1266 1925 inlicit
1290 1862 1329 1923 ut
1348 1856 1479 1924 occidat
1501 1854 1567 1936 pri·

427 1980 498 2027 mus
513 1979 586 2027 cum
601 1965 728 2028 centeno
750 1964 925 2049 martyrum
947 1961 1068 2027 fructus
1089 1964 1154 2040 est,
1177 1961 1331 2027 secundus
1348 1956 1566 2043 sexagenarius
1577 1983 1604 2022 a

427 2065 530 2129 naor
544 2064 600 2129 cst.
624 2066 663 2130 ut
677 2065 754 2146 aput
767 2067 922 2149 martyras
943 2083 1007 2129 uon
1028 2065 1077 2129 est
1099 2064 1200 2129 caruis
1222 2064 1256 2128 st
1276 2061 1392 2127 saeculi
1415 2057 1565 2143 cogitatio

427 2184 483 2232 nec
497 2184 595 2248 parua
608 2168 641 2231 st
655 2166 737 2232 leuis
751 2167 784 2232 et
797 2166 930 2232 delicata
944 2165 1134 2251 congressio,
1156 2165 1202 2231 sio
1216 2167 1249 2230 et
1263 2165 1296 2229 in
1311 2164 1418 2237 uobis,
1435 2177 1570 2243 quarum

426 2269 467 2334 ad
481 2269 621 2354 gratiam
634 2285 754 2335 merces
768 2268 978 2348 secundaret,
1001 2269 1045 2334 sit
1059 2268 1092 2334 et
1106 2268 1209 2332 nirtm
1223 2268 1263 2333 ad
1277 2267 1478 2333 tolerantiam
1497 2279 1570 2343 pro·

427 2372 521 2436 xima.
544 2389 607 2437 non
620 2372 670 2437 est
683 2371 724 2436 ad
737 2390 854 2455 magna
867 2369 971 2436 facilis
982 2388 1136 2436 ascensus.
1159 2389 1253 2452 quem
1268 2370 1413 2436 sudorem
1429 2368 1566 2453 perpeti-

428 2492 515 2552 mur,
538 2490 631 2555 quem
645 2472 802 2551 laborem,
824 2474 901 2539 dum
917 2491 1063 2540 conamur
1076 2473 1240 2540 ascendere
1254 2473 1349 2539 colles
1375 2473 1408 2537 ct
1433 2471 1567 2538 uertices
1578 2509 1607 2548 ‚0

429 2575 609 2641 montium?
631 2574 707 2657 quid
722 2576 760 2639 nt
773 2575 975 2641 ascendamus
989 2577 1030 2641 ad
1045 2574 1189 2641 caelum?
1212 2577 1240 2641 si
1254 2576 1429 2658 praemium
1444 2573 1569 2657 pollici·

430 2676 559 2743 tationis
574 2676 740 2756 adtendas,
763 2678 868 2743 minus
892 2680 941 2744 est
965 2679 1048 2761 quod
1072 2678 1205 2744 laboras.
1228 2677 1441 2743 inmortalitas
1465 2694 1570 2759 porso-

431 2778 555 2844 ueranti
569 2778 677 2857 datur,
699 2780 851 2862 perpetua
864 2779 933 2848 nita
946 2781 1160 2862 promittitur,
1183 2799 1316 2865 regnum
1330 2778 1486 2846 Dominus
1500 2777 1570 2860 pol-

382 2880 621 3063 zahoedtourliate,
642 2984 798 3069 uirginea,
820 2986 941 3052 seruate
961 2986 1045 3069 qnod
1070 3004 1138 3052 seso
1158 2986 1319 3068 coepistis.
1343 2985 1468 3051 seruate
1488 2983 1606 3066 qnod„

431 3083 529 3151 eritia
552 3104 668 3170 magua
681 3104 738 3154 uos
751 3104 868 3153 marcas
882 3086 986 3165 babet,
1015 3087 1192 3170 praemium
1205 3088 1323 3173 grande
1337 3086 1483 3166 uirtutis,
1499 3105 1571 3151 mu·

430 3206 491 3253 nus
505 3188 680 3255 maximum
702 3189 865 3255 castitatis.
887 3190 986 3256 uultis
1013 3190 1092 3257 scire
1113 3208 1174 3274 qno
1196 3191 1281 3257 malo
1307 3191 1411 3257 careat
1436 3191 1468 3257 ot
1494 3190 1571 3272 quid
1594 3253 1596 3256 .

429 3289 505 3355 boni
520 3292 625 3356 teneat
638 3292 846 3358 continentiae
860 3292 984 3367 uirtus?
999 3292 1310 3378 multiplicabo,
1325 3294 1432 3377 inquit
1445 3293 1572 3358 mulieri

533 3445 569 3502 28
586 3443 652 3502 Gon.
664 3446 690 3512 3,
702 3447 744 3502 16.

482 3565 728 3635 apoopraetioaa
739 3565 877 3621 oddD¹=
893 3554 1003 3622 tanturn
1014 3570 1125 3623 mancat
1141 3569 1331 3624 aduratsola
1347 3572 1376 3624 et
1392 3569 1496 3624 inlaesa
1512 3568 1570 3623 uir·

428 3649 541 3721 pinitus,
560 3652 778 3720 mastiter-2
844 3651 1011 3723 llugatiD
1078 3653 1327 3724 biuuos10oaV,
1355 3654 1572 3709 interuosconi.

429 3735 574 3791 Pometios
578 3757 589 3805 ;
608 3751 675 3805 quas
687 3736 760 3791 inter
771 3736 848 3791 uobis
860 3739 931 3792 cont
949 3736 1094 3793 Goldborn
1180 3738 1198 3791 6
1215 3739 1341 3793 conuiuia
1357 3737 1470 3807 lasciua]
1482 3740 1570 3792 ternu·

428 3820 505 3875 lenta
515 3821 642 3877 conuiuia
659 3822 687 3876 V
770 3822 786 3875 'l
803 3823 881 3892 uirgo
892 3823 931 3895 ss]
944 3823 1012 3879 odd.
1025 3841 1054 3880 o:
1073 3839 1142 3894 quae
1153 3824 1203 3879 dco
1214 3825 1301 3879 seruis
1352 3824 1371 3880 8
1387 3824 1480 3879 uinces
1490 3822 1521 3878 D

429 3907 446 3961 9
464 3909 570 3963 arctae
634 3907 670 3962 10
686 3907 786 3963 arduos
797 3911 868 3965 osto
942 3909 976 3964 13
993 3909 1071 3964 illinc
1083 3908 1266 3965 inlecebroaS
1327 3910 1466 3965 mortifere
1478 3910 1572 3964 uolun-

428 3991 540 4049 tatesS
603 3993 639 4047 14
655 3992 788 4049 inlicotS
835 3995 952 4064 primum
965 3994 993 4049 V
1055 3995 1088 4050 15
1105 4011 1166 4050 cum
1178 3996 1324 4051 mutesimo
1339 3996 1377 4062 V,
1396 3996 1468 4049 onim
1482 3998 1572 4050 mnte-

428 4080 521 4135 uarius
533 4079 694 4148 Poetelius,-
713 4080 750 4147 cf.
766 4079 889 4135 (iresca.
903 4097 934 4151 p.
947 4085 999 4136 571
1086 4082 1272 4153 maginarius
1286 4082 1311 4139 S
1403 4082 1438 4137 16
1454 4084 1488 4136 ut
1498 4097 1533 4137 cc
1544 4085 1574 4137 ct

432 4166 548 4222 ΨΜ
599 4169 733 4236 martyres
744 4184 774 4232 c,
792 4169 937 4237 martyrem
954 4166 1042 4223 Occu
1108 4168 1249 4239 cogitatio]
1261 4168 1435 4238 &contagio
1452 4167 1571 4235 ΨΜ,

429 4251 745 4308 aestimatores
789 4254 822 4308 17
835 4252 996 4325 deligataD
1042 4254 1076 4308 18
1088 4253 1344 4325 adgrstiamoouS
1387 4253 1522 4309 mercisD

434 4339 482 4409 sit]
495 4338 572 4395 sicS
621 4339 657 4396 20
674 4354 734 4395 eum
751 4339 817 4395 WD
867 4341 902 4397 26
919 4340 1004 4395 habet
1017 4340 1052 4412 S,
1064 4342 1158 4395 manet
1170 4339 1254 4397 WDo
