4009 5034
426 324 491 390 218
843 321 990 381 Caecilii
1007 322 1173 393 Cypriani

424 497 502 543 num
528 475 629 542 rabies
654 476 686 541 et
711 494 865 543 uenenum
890 475 983 542 letale
1008 477 1187 558 serpentum
1213 476 1246 540 et
1275 475 1403 540 cruenta
1431 473 1566 540 saeuitia

423 580 620 646 aarum?
641 577 864 664 gratulandum
879 579 942 658 est,
963 597 1037 645 erun
1059 576 1141 644 tales
1164 578 1203 643 de
1224 576 1355 643 eeclesia
1368 576 1562 660 separantur,

423 701 464 748 ne
477 681 656 763 columbas,
679 700 718 748 ne
732 698 807 749 oues
822 678 940 748 Christi
955 697 1051 747 saeua
1071 698 1130 745 sua
1150 680 1183 745 et
1205 681 1358 745 uenenata
1378 678 1562 763 mntagione

422 784 620 870 praedentur.
643 783 804 852 cohaerere
817 786 851 850 et
865 781 1010 867 coniungi
1024 799 1086 848 non
1096 783 1201 865 potest
1215 779 1392 846 amaritudo
1404 797 1477 846 cum
1489 779 1561 847 dul·

422 886 544 965 cedine,
565 887 668 974 caligo
690 905 763 953 aum
783 885 918 964 lumine,
940 884 1050 968 pluuia
1071 903 1144 951 cum
1161 882 1345 962 serenitate,
1367 901 1474 968 pugna
1487 899 1560 948 cum
1582 895 1596 936 ⁵

419 1007 512 1073 paee,
535 1007 609 1055 cum
634 987 825 1055 fecunditate
850 987 1017 1067 sterilitas,
1048 1004 1121 1053 cum
1147 985 1288 1054 fontibus
1312 984 1453 1064 siduitas,
1486 1003 1560 1051 cum

420 1091 652 1175 tranquillitate
666 1093 846 1176 tempestas.
869 1108 960 1158 nemo
975 1090 1135 1158 existimet
1148 1090 1245 1155 bonos
1266 1091 1305 1157 de
1324 1090 1456 1157 ecclesia
1468 1106 1559 1173 posse

419 1192 591 1260 discedere:
614 1192 759 1258 triticum
779 1210 841 1258 non
862 1192 946 1276 rapit
967 1194 1081 1258 uentus
1102 1210 1159 1259 nce
1180 1193 1323 1258 arborem
1338 1192 1438 1258 solida
1453 1190 1557 1257 radice

417 1294 584 1361 fundatam
598 1294 734 1377 procella
747 1294 921 1360 subuertit:
942 1294 1051 1360 inanes
1063 1293 1173 1378 paleae
1187 1293 1375 1378 tempestate
1389 1293 1556 1371 iactantur,

416 1396 576 1463 inualidae
589 1396 715 1463 arbores
728 1395 864 1461 turbinis
877 1395 1052 1471 incursione
1067 1396 1244 1461 uertuntur.
1266 1395 1323 1461 bos
1343 1391 1503 1461 mactatur
1523 1395 1593 1462 etro

415 1500 552 1583 percutit
573 1499 725 1565 Iohannes
744 1500 902 1582 apostolus
924 1500 1044 1566 dicens:
1068 1517 1111 1565 ex
1132 1498 1245 1565 nobis
1266 1499 1465 1578 exierunt,
1486 1498 1555 1565 sed

414 1619 489 1666 non
511 1599 684 1679 {inerunt
717 1619 761 1666 ex
792 1600 915 1667 nobis.
950 1600 983 1667 si
1016 1600 1120 1666 enim
1153 1598 1328 1666 fuissent
1358 1619 1399 1666 ex
1428 1599 1553 1679 nobis,

414 1702 654 1769 mansissent
673 1702 890 1769 nobiscnm.

366 1798 405 1862 lb
456 1803 540 1869 Hinc
553 1804 693 1871 haereses
708 1804 741 1871 et
755 1804 856 1871 factae
870 1804 944 1871 sunt
957 1803 1133 1887 nequenter
1148 1803 1180 1870 et
1194 1802 1291 1883 fiunt,
1315 1803 1391 1870 dum
1403 1821 1549 1887 peruersa

412 1925 501 1975 mens
522 1926 584 1974 non
604 1907 701 1974 habet
720 1925 846 1991 paoem,
869 1908 945 1973 dum
965 1905 1096 1991 perfidia
1110 1905 1290 1973 dmcordans
1304 1924 1365 1973 non
1380 1909 1467 1974 unet
1479 1907 1586 1973 uni-ra

412 2009 522 2074 tatem
544 2007 613 2074 lieri
627 2026 701 2075 uero
715 2007 793 2075 haec
806 2007 959 2074 Dominus
974 2007 1133 2092 permittit
1147 2009 1180 2072 et
1190 2008 1312 2092 patitur
1322 2010 1468 2075 manente
1478 2026 1551 2092 pro·

411 2110 498 2194 prise
511 2109 669 2175 libertatis
683 2109 830 2187 arbitrio,
852 2110 890 2175 ut
903 2110 980 2175 dum
994 2108 1090 2175 corda
1114 2109 1147 2174 et
1170 2110 1292 2175 mentes
1319 2109 1441 2175 noina
1465 2110 1550 2176 ueri·

410 2210 487 2278 tatis
513 2211 681 2278 discrimen
706 2211 878 2291 examinat,
906 2211 1106 2295 probatorum
1132 2209 1208 2276 fides
1234 2209 1357 2295 integra
1381 2209 1549 2277 manifesta

408 2313 479 2379 luce
493 2313 651 2379 clarescat.
674 2330 730 2394 per
743 2312 918 2395 apostolum
931 2313 1110 2397 praemonet
1124 2310 1261 2395 Spiritus
1273 2315 1398 2379 mnctus
1410 2314 1443 2378 et
1454 2313 1548 2380 dicit:

408 2414 569 2498 oportet
589 2414 626 2479 et
647 2413 827 2480 haereses
849 2431 948 2493 esse,
985 2415 1029 2479 ut
1050 2412 1213 2496 probati
1236 2414 1440 2480 manifesti
1467 2415 1586 2479 sintso

407 2515 448 2580 in
469 2516 592 2580 nobis.
616 2516 663 2581 sic
683 2516 855 2599 probantur
875 2515 1001 2593 fideles,
1023 2515 1069 2580 sic
1089 2514 1200 2596 perfidi
1221 2514 1425 2601 debfflmtur,
1448 2516 1494 2581 sic
1515 2518 1548 2582 ot

407 2616 480 2683 ante
494 2616 604 2682 iudicii
629 2617 713 2683 diem
738 2617 792 2684 bic
816 2634 936 2701 quoque
960 2616 1027 2683 iam
1051 2616 1207 2683 iustorum
1232 2616 1333 2701 adque
1359 2618 1548 2685 iniustorum

407 2717 530 2784 animae
551 2718 737 2784 diuiduntur
759 2721 792 2785 et
813 2737 833 2783 a
852 2718 1009 2786 irumento
1031 2719 1138 2801 paleae
1165 2721 1357 2802 separantur.
1380 2719 1454 2787 hine
1474 2723 1548 2786 sunt

405 2819 460 2903 qui
486 2837 519 2885 se
544 2819 629 2886 utro
652 2821 730 2903 aput
755 2820 936 2887 temerarios
963 2838 1116 2887 conuenas
1137 2820 1204 2885 sine
1220 2818 1329 2888 diuina
1344 2819 1547 2906 dispositione

404 2920 606 3007 praeficiunt,
629 2921 683 3005 qui
698 2939 732 2988 se
746 2923 935 3005 praepositos
955 2922 1023 2989 sine
1044 2922 1112 2988 ulla
1126 2922 1331 2989 ordinationis
1344 2924 1415 3008 lege
1429 2922 1581 2990 consti-a

405 3024 520 3103 tuuut,
545 3023 600 3106 qui
614 3024 742 3090 nomine
756 3023 968 3107 episcopatum
983 3025 1078 3090 dante
1092 3023 1230 3108 episcopi
1245 3023 1307 3091 sibi
1320 3040 1432 3090 nomen
1451 3024 1545 3091 adsu-

403 3126 513 3191 munt:
536 3141 614 3209 quos
628 3125 774 3211 designat
788 3124 822 3190 in
837 3125 967 3210 psalmis
982 3124 1120 3209 Spiritus
1134 3127 1260 3192 sanctus
1274 3125 1415 3192 sederim
1434 3125 1469 3191 in
1489 3142 1544 3209 pe-

508 3311 542 3364 11
559 3310 574 3365 1
588 3310 722 3377 10.a,19.
775 3310 812 3366 20
828 3311 844 3366 1
856 3310 916 3368 cor.
930 3312 1028 3376 11,19.

454 3479 572 3536 lrabies
583 3479 724 3538 omnmo
769 3482 860 3538 rabies
872 3485 901 3539 et
913 3498 1044 3539 uenenum
1057 3497 1108 3539 om.
1121 3481 1150 3538 R
1204 3482 1346 3539 banacas
1359 3482 1397 3539 Μ
1441 3483 1545 3539 ‘terti-

399 3564 497 3623 metR
581 3566 762 3637 scumnpit
773 3567 849 3634 WG,
860 3583 985 3638 nonasp.
998 3571 1126 3624 scam
1206 3567 1406 3626 9subuertiR
1473 3571 1541 3624 tem

398 3649 560 3720 pestatesR
639 3651 675 3709 10
691 3654 721 3708 et
739 3651 923 3710 inualidaet'
1006 3653 1131 3710 turbines
1146 3653 1175 3710 R
1260 3655 1413 3712 mcussione
1431 3655 1458 3713 θ
1476 3655 1543 3723 fort.

399 3741 474 3792 recto
538 3738 728 3793 euertuntnro
796 3738 1065 3807 etperontitonaM
1128 3740 1162 3794 11
1176 3739 1498 3810 apostolnsiobsnnesM

400 3817 687 3893 memorabere.)
775 3822 809 3877 13
826 3821 965 3879 nobiscum
983 3822 1079 3894 ntique
1097 3824 1261 3880 mamisaent
1280 3826 1329 3892 M,
1346 3826 1546 3898 manentique

398 3903 491 3963 nobo
552 3908 587 3962 14
603 3906 708 3962 heresis
724 3907 857 3965 WGMR
926 3910 960 3965 16
977 3909 1094 3980 ὴοοΒ,
1140 3910 1173 3965 17
1191 3910 1298 3967 utdurn
1310 3910 1450 3968 cordacis
1467 3912 1494 3968 θ

397 3989 616 4048 cordanostrae
693 3991 1060 4051 20esseetscbismataV
1142 3994 1545 4064 salsamentorum

397 4075 493 4135 Rue
561 4077 597 4133 24
615 4092 643 4133 se
656 4093 705 4134 om.
723 4078 750 4134 G·
827 4079 970 4136 conuenite
983 4081 1023 4147 R,
1043 4082 1285 4139 conuentnaMin
1295 4098 1350 4138 ros.
1421 4082 1545 4155 disputa·

395 4162 471 4218 tione
484 4161 514 4220 R
564 4162 601 4220 25
619 4163 863 4235 sopraedciuntii
913 4165 947 4221 st
966 4166 1229 4237 pestilentiaeinM
