4009 5034
760 389 804 444 lle
823 389 895 444 zelo
913 390 948 442 ct
965 389 1078 445 liuore
1096 405 1117 443 e.
1136 390 1213 446 2-5.
1482 392 1546 457 421

409 545 509 612 liuore
531 545 687 628 capiatur,
709 565 749 610 ne
771 545 842 627 quis
857 544 999 610 fallentis
1015 546 1136 610 inimici
1152 548 1250 611 caecis
1265 547 1387 629 laqueis
1402 545 1549 627 implica·

408 649 477 725 tus,
499 648 576 712 dum
596 648 662 714 nelo
683 646 781 711 irater
802 647 836 711 in
851 645 959 711 fratris
975 648 1048 713 odia
1063 648 1275 727 conuertitur,
1298 649 1406 732 gladio
1421 664 1478 713 suo
1492 665 1548 712 ne-

410 749 493 815 scius
512 750 579 832 ipse
600 750 782 834 perimatur.
807 750 889 833 quod
912 751 950 814 ut
975 750 1124 834 colligere
1149 751 1273 833 plenius
1295 753 1328 817 et
1350 750 1550 817 manifestius

410 855 583 937 perspicere
604 854 775 936 possimus,
798 856 838 919 ad
862 854 958 937 caput
979 855 1047 921 eius
1069 855 1170 938 adque
1185 855 1225 920 ad
1240 854 1394 940 originem
1409 872 1550 919 recurra-

389 975 491 1021 smus.
514 957 678 1023 uideamus
691 958 774 1023 unde
788 958 872 1023 relus
888 959 920 1022 et
933 957 1058 1041 quando
1072 959 1105 1023 et
1120 958 1273 1041 quomodo
1295 957 1439 1040 coeperit.
1471 955 1550 1021 iaci·

409 1059 474 1126 lius
488 1059 573 1126 enim
588 1080 607 1125 a
620 1061 711 1126 nobis
724 1062 845 1126 malum
861 1063 928 1127 tam
941 1062 1153 1144 perniciosum
1167 1060 1338 1138 citabitur,
1362 1061 1390 1125 si
1406 1059 1550 1125 eiusdem

410 1161 488 1227 mali
503 1163 536 1228 et
549 1163 636 1249 origo
651 1165 684 1229 et
698 1163 884 1247 magnitudo
898 1165 1056 1229 noscatur.

454 1266 538 1332 Hinc
560 1266 704 1332 diabolus
729 1266 813 1331 inter
834 1266 928 1332 initia
952 1268 1065 1333 statim
1091 1266 1201 1332 mundi
1228 1268 1260 1331 ct
1286 1266 1368 1349 perit
1382 1266 1504 1348 primus
1519 1263 1580 1331 etr

411 1370 558 1451 perdidit.
583 1369 639 1434 ille
664 1369 805 1452 angelica
827 1369 993 1434 maiestate
1014 1369 1182 1447 subnixus,
1209 1368 1264 1433 ille
1278 1369 1345 1434 Deo
1359 1368 1505 1449 acceptus
1520 1370 1553 1433 et

378 1489 502 1537 rocarus
516 1472 682 1555 postquam
697 1471 854 1538 hominem
870 1471 910 1536 ad
925 1471 1099 1556 imaginem
1112 1471 1170 1536 Dei
1187 1469 1308 1537 iactum
1322 1469 1496 1554 conspexit,
1519 1469 1553 1535 in

412 1574 513 1639 zelum
536 1575 685 1639 maliuolo
708 1574 807 1640 liuore
828 1574 992 1658 prorupit,
1015 1593 1077 1640 uon
1092 1574 1180 1656 prius
1195 1574 1330 1640 alterum
1345 1574 1481 1639 deiciens
1504 1573 1552 1637 in-

412 1678 532 1742 stinctu
558 1676 618 1741 zeli
645 1695 740 1759 quam
768 1677 835 1757 ipse
861 1677 927 1742 nelo
942 1680 1017 1741 ante
1032 1676 1186 1754 deiectus,
1210 1675 1355 1758 captiuus
1370 1676 1442 1741 anto
1456 1694 1553 1758 quam

413 1780 553 1864 capiens,
575 1779 717 1861 perditus
744 1782 816 1845 ants
841 1783 938 1862 quam
965 1780 1114 1860 perdono,
1143 1779 1220 1843 dum
1245 1779 1430 1845 stimulante
1453 1777 1554 1841 liuore

412 1881 532 1946 homini
548 1881 684 1966 gratiam
699 1881 791 1947 datae
806 1881 1059 1947 immortalitatis
1076 1881 1186 1962 cripit,
1202 1880 1270 1964 ipse
1285 1898 1406 1962 quoquo
1420 1877 1454 1943 id
1470 1878 1554 1960 quod

379 1984 499 2067 oprius
514 1983 617 2048 fuerat
631 1982 749 2048 amisit.
787 1983 878 2065 quale
894 1983 1014 2048 malum
1030 1983 1094 2060 est,
1125 1982 1238 2048 iratres
1253 1980 1469 2059 dilectissimi,
1494 1996 1554 2062 quo

412 2086 542 2170 angelus
558 2086 686 2164 cecidit,
710 2103 770 2167 quo
797 2086 1020 2152 circumueniri
1048 2088 1079 2152 et
1105 2087 1248 2152 subuerti
1263 2085 1330 2151 alta
1343 2084 1401 2149 illa
1420 2085 1452 2149 et
1466 2101 1555 2165 prae

414 2189 498 2254 clara
509 2188 690 2253 sublimitas
704 2189 818 2271 potuit,
834 2206 896 2271 quo
911 2188 1061 2271 deceptus
1076 2192 1125 2253 est
1139 2190 1206 2272 ipae
1222 2188 1275 2272 qui
1291 2188 1422 2270 decepit.
1445 2185 1556 2250 exinde

413 2290 535 2356 inuidia
555 2292 719 2374 grassatur
739 2290 772 2356 in
794 2292 905 2370 terris,
928 2292 1007 2356 dum
1028 2292 1129 2358 liuore
1141 2293 1299 2374 periturus
1314 2290 1468 2375 magistro
1483 2307 1555 2370 por-

414 2392 543 2458 ditionis
569 2393 766 2477 obsequitur,
800 2394 876 2460 dum
900 2393 1063 2460 diabolum
1089 2395 1143 2478 qui
1169 2395 1253 2460 zelat
1276 2393 1437 2471 imitatur,
1472 2391 1556 2455 sicut

379 2496 565 2579 nsouptum
590 2498 654 2561 est:
688 2496 846 2561 inuidia
878 2497 1012 2562 autem
1046 2497 1198 2561 diaboli
1230 2513 1329 2561 mors
1363 2494 1557 2559 introiuit

413 2597 452 2662 in
484 2596 613 2663 orbem
646 2599 855 2662 terrarum.
902 2598 1072 2664 imitantur·
1100 2616 1173 2684 crgo
1204 2599 1297 2664 illum
1328 2598 1382 2680 qui
1413 2599 1488 2663 sunt
1519 2614 1556 2659 ex

414 2702 502 2780 parte
517 2699 596 2764 eius.

458 2801 542 2867 Hine
556 2799 690 2884 denique
704 2821 803 2867 nouae
818 2800 1026 2868 fraternitatis
1052 2803 1156 2887 prima
1185 2804 1271 2882 odia,
1294 2803 1368 2868 hine
1389 2800 1588 2886 parricidiat

414 2904 549 2970 notanda
575 2907 758 2989 coeperunt,
790 2905 865 2970 dum
881 2905 964 2971 Abel
978 2904 1101 2971 iustum
1117 2904 1195 2972 Cain
1210 2908 1292 2972 zelat
1306 2906 1460 2982 iniustus,
1481 2905 1559 2969 dum

380 3005 531 3071 nebonum
558 3007 661 3073 malus
686 3007 810 3073 inuidia
835 3007 868 3073 et
893 3006 993 3072 liuore
1020 3008 1227 3090 persequitur.
1260 3009 1385 3073 tantum
1400 3007 1503 3073 ualuit
1517 3006 1558 3071 ad

416 3109 715 3174 consummationem
741 3108 891 3174 facinoris
917 3109 1138 3174 aemulationis
1162 3109 1267 3188 furor,
1302 3113 1339 3174 ut
1363 3128 1420 3174 neo
1445 3109 1559 3172 caritas

416 3209 524 3275 fratris
549 3230 607 3276 nec
631 3211 755 3277 sceleris
780 3211 966 3277 immanitas
992 3229 1049 3276 noe
1073 3212 1170 3277 timor
1188 3213 1248 3278 Dei
1268 3232 1325 3277 neo
1338 3231 1436 3296 poena
1450 3211 1557 3279 delicti

520 3396 731 3467 mmmm

471 3570 486 3621 1
499 3566 658 3621 fallentibus
665 3566 705 3621 D¹
752 3570 770 3622 2
781 3567 847 3622 dum
859 3583 888 3622 ee
899 3567 927 3620 Β
979 3568 1066 3624 irater
1078 3569 1096 3625 i.
1108 3572 1128 3625 f.
1140 3570 1214 3641 odia]
1226 3571 1333 3626 nescius
1345 3571 1373 3625 in
1386 3568 1509 3624 iratreD

417 3653 607 3724 dperomatur
622 3654 662 3709 W
729 3653 1103 3725 commoreremur
1189 3657 1352 3712 brelumD
1429 3657 1448 3711 8
1465 3656 1561 3710 atatim

418 3754 469 3793 ooo
482 3740 513 3794 D
565 3742 656 3794 morra
668 3740 697 3795 Β
742 3740 829 3808 periit
841 3740 894 3795 Μυ
946 3741 964 3795 9
983 3741 1033 3795 ille
1046 3741 1147 3797 dudum
1162 3760 1253 3813 augo
1306 3730 1399 3798 dnoD
1445 3741 1480 3795 10
1491 3742 1521 3795 iu
1533 3740 1564 3796 D

417 3841 439 3880 s.
453 3825 470 3879 l.
483 3828 551 3879 ma
603 3826 638 3879 13
655 3826 713 3896 ipse
726 3826 848 3894 perditus
860 3824 910 3879 Μ’
966 3827 1001 3882 14
1017 3829 1111 3884 datam
1123 3829 1340 3884 immortalitatis
1352 3826 1511 3899 gratiamD

419 3913 519 3982 eripiat
528 3911 570 3965 12²
625 3913 659 3965 15
671 3928 723 3981 quo
736 3928 771 3966 ex
784 3914 854 3982 quod
865 3915 973 3971 ΨΜ
1020 3916 1055 3969 16
1072 3915 1174 3970 circum
1186 3916 1304 3970 inueniri
1315 3917 1363 3970 W·
1417 3914 1450 3968 17
1463 3929 1517 3982 quo
1528 3930 1564 3968 ex

420 3996 491 4066 quod
503 3998 541 4052 Μ
547 4014 582 4052 oa
594 4001 614 4052 2
675 3997 777 4067 decipit
791 3999 892 4054 W¹M¹
962 4000 1058 4055 exinde
1070 4017 1105 4054 ec
1116 4017 1148 4054 er
1163 4001 1204 4056 W
1213 4019 1247 4056 or.
1260 4005 1279 4055 2
1347 4001 1383 4054 18
1400 4000 1563 4068 magistrum

419 4083 462 4138 12²
537 4084 574 4137 20
590 4087 680 4139 cutm
693 4099 744 4140 oou
757 4086 912 4156 Aoptosttra
925 4085 961 4140 de
972 4087 1048 4154 bapt.
1062 4093 1160 4141 contro
1174 4087 1247 4140 Dosa.
1265 4086 1357 4155 1123,
1370 4091 1402 4139 11
1467 4084 1564 4138 introi·

419 4170 463 4224 bit
474 4170 512 4223 Μ
578 4170 612 4224 21
631 4170 695 4225 orbe
707 4170 737 4225 Β
805 4171 895 4242 illum]
909 4187 971 4225 cum
989 4172 1015 4225 V
1082 4172 1118 4225 22
1135 4172 1194 4226 eius
1210 4173 1290 4235 WB,
1308 4172 1384 4225 illius
1395 4169 1468 4235 DV,
1486 4169 1564 4222 illius

421 4255 555 4310 iustorum
569 4258 661 4310 autem
673 4256 780 4311 animm
791 4258 820 4310 in
833 4272 915 4311 manu
927 4254 972 4310 dei
984 4261 1051 4311 sunt
1063 4257 1099 4310 M
1150 4257 1186 4311 23
1203 4256 1266 4312 odia
1278 4257 1365 4326 prima
1377 4257 1414 4311 Μ
1477 4257 1564 4324 parri·

422 4339 492 4396 udis
503 4356 537 4394 ue
549 4341 614 4395 cdo.
627 4359 662 4395 m.
673 4345 692 4396 2
703 4342 736 4396 iro
744 4342 781 4397 W
832 4342 867 4397 24
880 4341 983 4397 iniuste
993 4342 1031 4396 Μ
1081 4342 1116 4395 25
1128 4342 1215 4397 binus
1229 4343 1256 4397 Β
1307 4342 1340 4397 2ἲ
1353 4341 1448 4397 dilecti
1461 4341 1511 4397 W¹
